1860 2994
74 118 126 170 mo
214 121 246 168 u.
267 116 372 166 mvn
392 114 435 182 [c.
448 117 477 168 e.
491 121 548 171 583.
567 117 602 172 A.
614 118 644 169 e.
659 117 728 186 169]

74 225 256 291 gnoscebant:
270 230 305 283 et,
314 223 392 272 cuius
403 222 522 272 nondum
533 224 608 273 iusta
618 224 713 276 missio
724 225 787 277 risa
796 233 878 289 esset,

73 297 113 345 itu
136 287 328 342 iusiurandum
352 291 513 356 adigebant:
524 292 572 346 Ex
583 292 625 345 tui
635 293 723 346 animi
733 296 878 359 sententia,

73 374 104 415 tu
116 380 149 414 ex
167 363 255 414 edicto
271 361 301 412 0.
313 360 435 424 cruorit,
461 361 504 413 Ti.
517 362 669 432 Sempronii
688 382 831 419 censorum
851 364 879 418 t'e

71 431 443 553 provinciepterigopedoniom
453 432 566 498 reeicit,
588 434 659 503 quod
669 435 726 487 tine
738 436 799 488 cloio
810 438 880 489 mair
919 468 923 543 ἑ

74 504 232 637 faceia&
239 541 300 638 18.]Ι
318 571 348 622 in
366 571 508 638 equitibus
522 573 699 624 recensendis
718 572 813 625 tristis
836 572 881 625 sd·
919 554 922 559 ¹

75 641 186 692 modum
207 655 303 690 eorum
324 647 408 708 atquc
431 656 531 709 aspera
552 657 669 694 censura
688 642 756 694 tuit:
785 643 881 694 multis

75 726 159 778 equos
171 709 343 762 ademerunt.
360 712 392 762 ln
406 727 439 763 ee
449 726 480 763 re
492 726 575 779 quum
586 718 742 779 equestrem
754 712 881 764 ordinem

75 779 266 841 offendissent,
276 780 416 832 flammam
426 781 548 834 invidiae
558 782 685 834 adiecere
697 784 807 845 edicto,
827 794 880 851 quo

75 851 230 913 edixerunt,
241 848 281 900 Ne
293 850 352 918 quir
364 866 464 914 eorum,
475 852 522 920 qui
534 851 566 916 Q.
578 850 686 915 Fulvio,
698 852 731 903 A.
738 850 879 905 Postumio

74 920 226 972 censoribus
242 919 357 987 publica
375 921 524 991 vectigalia
543 930 594 974 cot
608 924 681 974 citro
699 921 808 974 tributo
821 938 879 975 cort·

74 991 224 1054 duxissent,
235 989 388 1043 adhortare
400 1006 476 1043 tuom
487 994 635 1054 accederet,
647 992 768 1043 rocioroe
777 1000 829 1044 aut
838 988 880 1063 ‘s‘

66 1060 137 1130 flm'r
147 1061 204 1112 eice
215 1061 402 1114 conductionis
413 1068 489 1114 ercet.
524 1060 615 1128 Saepe
631 1061 660 1112 id
677 1060 821 1127 querendo
836 1074 880 1111 rc·

72 1138 147 1183 teres
158 1132 300 1198 publicani
311 1146 393 1199 quum
403 1132 554 1198 impetrare
566 1131 727 1196 nequissent
747 1130 783 1181 nb
804 1142 881 1183 sene·

72 1207 116 1263 tu,
138 1207 170 1250 ut
181 1201 292 1269 modum
305 1201 441 1268 potestati
453 1202 598 1252 censoriae
608 1201 798 1266 imponerent,
819 1204 878 1251 teu·

71 1269 134 1320 dem
155 1270 297 1320 tribunum
319 1269 407 1335 plebis
423 1268 454 1320 P.
469 1269 622 1331 Rutilium,
642 1284 677 1321 ex
691 1270 735 1321 rei
752 1270 880 1336 privatae

71 1340 252 1389 contentione
263 1340 363 1389 iratum
376 1340 546 1399 censoribus,
557 1344 706 1407 patronum
718 1354 823 1391 causae
833 1352 879 1389 nc-

72 1408 110 1457 cti
122 1412 194 1457 sunt.
231 1406 365 1458 Clientem
378 1407 540 1458 libertinum
551 1409 687 1474 parietem
700 1408 824 1461 inSacrn
834 1404 880 1457 riu

72 1476 206 1528 adversus
229 1475 312 1526 aedes
335 1476 461 1542 publices
483 1477 613 1528 demoliri
633 1481 785 1541 iusserant,
808 1472 880 1545 quoi

71 1545 184 1613 publico
196 1545 390 1598 inaedificatus
402 1555 485 1599 esset.
521 1548 690 1616 Appellatio
704 1549 820 1615 privato
834 1544 880 1598 tri·

71 1616 147 1666 huni.
185 1617 276 1679 Quum
297 1624 408 1683 praeter
428 1616 563 1668 Rutilium
583 1634 665 1670 nemo
683 1617 882 1679 intercederet,

73 1700 204 1738 censores
216 1686 252 1739 cd
263 1688 382 1754 pignora
393 1687 526 1754 capienda
537 1690 686 1750 miserunt,
708 1690 881 1754 multamque

72 1771 124 1822 pro
149 1759 282 1809 concione
301 1759 412 1825 privato
434 1758 570 1808 dixerunt.
605 1760 679 1808 Hinc
702 1758 881 1809 contentione

75 1832 148 1886 orta,
171 1842 256 1892 quum
268 1835 376 1878 veteres
387 1827 529 1893 publicani
541 1827 618 1876 seed
629 1826 773 1876 tribunum
786 1834 881 1879 contn-

73 1896 186 1953 lissent,
208 1896 319 1959 rogatio
335 1900 450 1960 repente
467 1894 519 1942 sub
540 1895 619 1942 unius
641 1893 747 1941 tribuni
770 1896 881 1947 nornine

72 1962 280 2029 promulgatur:
303 1963 378 2026 erae
397 1962 506 2027 publico
517 1960 664 2027 vectigalia
679 1963 817 2015 cotultro
833 1964 894 2017 ttt'·'

73 2033 139 2082 beto
156 2030 185 2081 Ο.
200 2029 331 2084 Claudios
342 2040 369 2082 et
384 2030 425 2084 Ti.
438 2028 611 2096 Sempronius
622 2032 762 2094 locassent,
774 2050 808 2085 eo
818 2042 882 2085 reta

72 2100 172 2152 locatio
184 2118 217 2152 ne
229 2108 304 2152 erret.
332 2100 373 2150 At
383 2100 490 2168 integro
501 2101 665 2163 iocarentur,
677 2110 704 2152 et
716 2110 748 2153 nt
760 2104 881 2156 omnibus

73 2169 224 2221 redimendi
235 2178 263 2220 et
279 2169 442 2222 conducendi
457 2168 610 2237 promiscue
624 2170 667 2222 ius
683 2180 761 2223 estet.
797 2171 881 2224 Diem

73 2238 108 2290 ad
125 2238 185 2289 eius
201 2240 376 2305 rogationem
397 2240 515 2291 concilio
536 2241 664 2292 tribunus
686 2241 776 2307 plebis
798 2242 880 2293 dixit.

73 2308 127 2370 Qui
142 2314 287 2375 postquam
303 2310 392 2372 venit,
415 2316 446 2360 ut
457 2324 585 2362 censores
608 2311 643 2362 ud
664 2310 879 2363 dissuadendum

73 2386 281 2446 processerunt,
292 2379 419 2432 Greccho
432 2380 550 2443 dicente,
561 2381 702 2432 silentium
713 2380 776 2432 fuit.
788 2382 880 2443 Quum

74 2449 192 2502 Claudio
203 2451 421 2517 obstreperetur,
426 2451 598 2503 audientiam
611 2452 704 2502 iacere
714 2464 880 2516 praeconem

75 2523 165 2572 iussit.
202 2523 244 2574 Eo
255 2521 340 2585 facto,
352 2528 498 2574 avocatam
511 2536 567 2572 ose
578 2522 738 2572 concionem
751 2519 879 2570 tribunus

64 2597 196 2659 questus,
220 2594 299 2648 etin
321 2592 449 2649 ordinem
472 2608 505 2646 se
519 2600 667 2649 cocetum,
683 2604 721 2637 ex
728 2588 883 2648 usmetis,

51 2661 103 2710 ubi
116 2672 184 2719 eret
197 2670 376 2739 concilium,
401 2668 484 2724 sciit.
518 2662 646 2718 rossem
657 2653 897 2722 &iffitffiffiw
