1860 2994
61 273 96 326 ao
205 275 238 324 r.
258 230 366 323 n'1v11
389 267 715 338 [acuendae]
777 298 785 307 «

61 377 229 429 Praetorem
243 373 309 423 inde
326 371 440 423 comitia
459 377 523 421 sunt
542 367 646 421 habita.
683 371 712 420 C.
724 369 869 427 Decimius

60 446 174 506 Flavus,
194 444 224 495 P.
236 441 414 509 Sempronius
424 441 552 506 Longus,
572 437 603 488 P.
615 439 760 491 Cornelius
770 441 870 496 Cethe·

60 531 124 583 gas,
145 514 177 575 Q.
190 513 312 565 Naevius
325 509 436 573 Matho,
456 511 484 561 C.
496 507 675 576 Sempronius
685 509 818 576 Blaesus,
838 513 870 565 Α.

62 585 212 638 Terentius
223 582 324 643 Varro,
333 587 477 648 praetores
487 578 563 630 facti.
582 579 662 630 Haec
673 595 706 630 eo
719 595 801 643 anno,
813 596 870 649 quo

60 656 112 718 Ap.
126 652 267 715 Claudius,
277 653 317 703 Μ,
328 649 508 716 Sempronius
518 647 645 701 consules
656 647 781 715 fuerunt,
793 651 873 705 domi

62 723 237 788 militiaeque
248 725 336 787 gesta.
620 764 624 777 ,

115 793 242 848 xxxin.
261 788 403 854 Principio
418 787 591 854 insequentis
606 788 672 839 anni
682 786 712 840 P.
724 788 870 854 Claudius,

60 863 98 916 L.
107 862 222 913 Porcius
235 859 374 920 consules,
384 874 468 926 quum
480 859 513 919 Q.
526 859 678 920 Caecilius,
687 858 728 909 M.
739 858 872 924 Baebius,

62 940 92 985 ct
104 933 138 984 T.
150 930 342 996 Sempronius,
353 933 399 996 qui
411 929 447 980 ad
461 927 672 995 disceptandum
683 930 757 980 inter
765 928 873 997 Philip·

62 1017 130 1070 pum
150 1008 179 1052 et
190 1001 341 1051 Eumenem
363 1014 444 1067 reges
465 998 720 1065 Thessalorumque
739 998 875 1052 civitate·

63 1071 143 1123 missi
155 1077 243 1131 erant,
249 1069 421 1138 legationem
431 1070 648 1130 renuntiassent,
655 1082 751 1136 regum
763 1082 874 1136 quoque

65 1156 162 1193 eorum
173 1141 387 1207 civitatiumque
400 1140 509 1206 legatos
521 1140 551 1192 in
568 1147 696 1192 senatum
710 1139 874 1191 introduxe-

64 1217 140 1263 runt.
176 1210 283 1263 Eadem
294 1211 433 1277 utrimque
443 1210 561 1272 iterata,
579 1225 649 1278 quae
661 1209 740 1263 dicta
749 1208 823 1276 apud
834 1208 875 1261 le·

65 1288 148 1348 gatos
163 1282 190 1333 in
203 1280 322 1333 Graecia
343 1285 430 1333 erant.
466 1281 557 1335 Aliam
579 1279 679 1331 deinde
700 1279 874 1345 legationem

65 1367 168 1403 novam
178 1350 291 1414 Patres,
311 1348 735 1416 cuiusprincepahp.01audius
754 1347 824 1410 fuit,
843 1347 875 1398 iu

64 1419 261 1472 Macedoniam
277 1425 306 1471 et
321 1421 352 1470 ia
362 1419 508 1470 Graeciam
524 1418 704 1471 decreverunt
725 1417 761 1469 ad
782 1417 876 1476 risten·

65 1489 146 1551 dum,
168 1489 332 1540 redditaene
352 1488 482 1538 civitates
503 1486 648 1539 Thessalis
670 1485 876 1541 etPerrhaebie

66 1563 168 1609 essent.
204 1556 306 1608 lisdem
317 1554 492 1618 mandatum,
513 1564 544 1608 ut
559 1559 593 1609 ab
606 1560 681 1610 Aeno
700 1560 879 1621 etMaronoa

65 1625 208 1694 praesidia
217 1624 876 1693 deducerentur,maritimaqueomnisThraciae

66 1712 119 1749 ora
134 1712 152 1747 a
164 1695 294 1762 Philippo
316 1701 344 1746 et
358 1697 560 1749 Macedonibus
580 1698 759 1750 liberaretur.
794 1695 877 1748 Pelo·

65 1781 220 1834 ponncsum
232 1781 340 1834 quoque
352 1766 432 1819 adire
443 1768 522 1830 iussi,
533 1769 605 1821 unde
616 1769 693 1834 prior
704 1766 810 1836 legatio
822 1763 878 1816 dis·

67 1843 192 1888 cesserat
202 1837 354 1889 incertiore
365 1843 442 1890 statu
451 1852 560 1902 rerum,
583 1839 701 1906 quamsi
716 1852 771 1888 non
788 1835 878 1888 voum·

66 1913 139 1958 sent.
157 1907 229 1959 Nam
241 1922 326 1972 super
338 1914 433 1971 cetera
443 1910 528 1961 etiam
540 1911 599 1960 sine
610 1921 745 1972 responso
760 1904 878 1970 dimissi,

65 1992 119 2026 nco
139 1976 237 2027 datum
260 1977 421 2042 petentibus
443 1986 504 2028 erat
525 1977 697 2029 Achaeorum
717 1972 879 2028 concilium.

66 2044 110 2095 Dc
122 2059 178 2111 qua
187 2059 218 2095 re
234 2051 372 2110 querente
384 2046 512 2110 graviter
524 2047 556 2105 Q.
568 2041 709 2102 Caecilio,
729 2041 814 2091 simul
823 2042 879 2095 La·

68 2112 257 2163 cedaemoniis
268 2111 486 2178 deplorantibus,
491 2111 604 2163 moenia
614 2109 716 2172 diruta,
726 2109 878 2167 abductam

66 2183 179 2248 piebem
188 2180 357 2233 inhchaiam
369 2186 398 2233 et
407 2179 764 2247 renundatamademptas,
775 2182 876 2249 quibua

68 2251 105 2304 ad
116 2266 178 2303 eam
190 2251 264 2303 diem
276 2251 376 2301 civitas
387 2251 524 2313 stetisset,
533 2250 657 2319 Lycurgi
668 2249 763 2319 leges,
772 2251 877 2306 Achaei

67 2322 190 2373 mamere
201 2320 316 2377 concilii
329 2320 424 2387 negati
436 2320 540 2372 crimen
550 2321 734 2385 excusabant,
755 2323 876 2374 recitau-

69 2390 217 2458 delegem,
229 2405 308 2457 quae,
320 2389 376 2441 nisi
385 2389 455 2442 belli
467 2391 579 2456 pacisve
591 2408 684 2454 causa,
702 2399 731 2445 et
742 2393 876 2460 quumie·

67 2463 129 2528 goti
139 2461 175 2512 ab
185 2466 286 2513 senatu
297 2458 461 2513 eumliteris
472 2467 520 2512 aut
531 2463 643 2530 scriptis
656 2463 876 2515 inandatisteni·

67 2536 146 2593 rent,
167 2536 279 2583 vetaret
288 2530 373 2582 indici
383 2532 543 2585 concilium.
579 2534 665 2585 Eune
681 2539 781 2599 postea
795 2546 877 2583 exeu-

68 2602 143 2652 satio
156 2608 243 2664 esset,
265 2600 389 2654 ostendit
400 2611 526 2665 senatus,
547 2620 630 2657 curae
640 2604 678 2655 iis
689 2617 749 2654 esse
765 2601 876 2664 dehere,

68 2677 99 2721 ut
111 2671 246 2723 Romanis
256 2670 359 2739 legatis
371 2689 482 2741 semper
493 2674 612 2728 adeundi
625 2673 773 2726 concilium
784 2672 875 2738 gentis

62 2747 194 2803 potestas
204 2744 299 2807 fieret3
320 2744 554 2810 quemadmodum
565 2752 594 2799 et
605 2744 680 2808 illis,
699 2741 808 2808 quoties
819 2739 876 2794 vei·

48 2808 120 2870 leat,
132 2819 257 2865 senatus
268 2812 395 2870 daretur.
