1860 2994
160 125 210 177 120
304 125 336 174 T.
357 121 466 175 LIVII
487 123 531 190 [U.
543 124 572 174 C.
585 124 644 191 574.
664 121 696 172 A.
709 120 738 172 C.
753 120 818 189 178.]

160 246 290 297 passuum
303 237 395 280 castra
406 235 487 280 erant
497 229 656 280 Gallorum:
670 228 811 278 Catmelus
823 242 872 294 pro
885 244 930 280 re

160 300 188 350 lo
201 304 262 350 erat
272 299 361 349 tribus
373 297 446 351 baud
457 298 577 365 amplius
588 297 711 349 millibus
722 300 903 351 armatorum.

210 368 245 421 ll.
263 367 323 438 [6.]
341 368 417 432 latri,
427 374 459 420 ut
469 369 588 435 primum
599 367 734 420 adlacum
748 366 862 419 Timeri
887 390 916 411 r:

160 444 224 490 suot
244 437 373 490 Romana
388 443 485 502 mota,
500 437 558 505 ipsi
576 442 641 505 post
656 432 756 489 collem
772 436 883 489 occulto
900 437 911 489 l

159 506 357 573 consederunt3
378 514 407 561 et
423 508 488 560 inde
503 507 624 575 obliquis
637 507 784 559 itineribus
802 521 905 574 agmen

104 610 109 617 -
159 577 327 645 quebontur,
347 576 378 628 in
388 592 498 630 omnem
508 577 683 630 occasionem
694 576 805 628 intenti:
827 592 878 629 nec
890 592 926 645 qu

160 662 242 714 quom
263 662 328 712 cos,
352 647 817 714 qooeterremariqueogercntur,
837 645 926 709 talleb

159 716 312 784 Postquam
321 710 459 769 stationes
469 717 680 793 invalidaspesse
691 730 742 783 pro
753 717 861 780 castris,
870 715 901 769 io

158 786 244 838 turba
253 786 354 838 inormi
364 786 493 854 frequens
502 787 577 839 inter
596 792 688 838 costra
703 790 732 838 et
745 799 823 838 mare
842 801 910 847 incr·
925 808 928 829 ι

159 856 240 920 tium,
250 857 310 909 sine
319 856 378 908 ullo
389 856 518 911 tbrrestri
527 861 577 909 aut
585 855 726 909 maritimo
736 855 918 920 munimento,

158 926 273 991 derunt3
294 922 809 994 duosimulproesldia,'Plaoentinae
832 924 903 978 eobo
928 952 930 964 =

159 1000 188 1048 c't
207 995 412 1063 manipulorum
432 996 569 1065 secandae
589 994 722 1065 legionis,
752 995 910 1064 aggrediun

157 1065 268 1118 Nebula
277 1067 417 1119 matutina
426 1068 537 1120 texerat
547 1066 769 1133 inceptumque
775 1065 918 1120 dilabente

61 1160 66 1177 ι
157 1136 278 1204 primunr
287 1142 414 1206 teporem
423 1136 506 1200 solis,
517 1136 664 1203 perlucens
676 1135 732 1187 iarn
744 1135 868 1203 sliquisl,
877 1136 925 1188 iu

157 1212 189 1259 ta
200 1212 302 1270 tamen,
313 1213 346 1259 ut
356 1207 437 1269 solet,
446 1206 504 1269 lux,
515 1205 636 1272 speciem
646 1205 770 1256 omnium
781 1205 905 1273 multipli
912 1230 930 1249 »ε

20 1281 23 1349 g
65 1288 68 1293 ⁴
158 1277 281 1328 intuenti
298 1275 432 1338 reddens,
452 1280 511 1326 tum
532 1289 642 1343 quoque
660 1273 923 1329 frustratallomsn

160 1346 250 1398 multo
262 1345 397 1397 maiorem
407 1344 452 1407 iis,
464 1358 548 1414 quarn
558 1350 631 1408 erat,
641 1343 765 1398 bostium
775 1345 864 1413 miens
874 1351 930 1399 ost:

161 1415 211 1466 dit.
248 1415 312 1476 Qua
321 1414 416 1465 territi
432 1414 576 1481 utriusque
591 1415 724 1467 stationis
738 1415 844 1469 milltes
858 1415 925 1485 inge

159 1483 282 1534 tumultu
294 1498 377 1551 quum
392 1484 422 1533 in
438 1489 532 1536 castra
547 1485 755 1553 confugissent,
777 1485 855 1538 baurl
869 1500 908 1554 pa

160 1552 199 1604 ibi
210 1553 282 1618 plus,
292 1569 372 1620 quarn
384 1553 456 1621 quod
467 1569 559 1623 secam
570 1555 623 1623 ipsi
633 1556 796 1619 attulerant,
801 1557 919 1609 terroris

162 1629 266 1675 cerunt.
303 1623 374 1676 Nom
384 1639 475 1694 neque
487 1624 590 1689 dicere,
610 1625 676 1693 quid
686 1626 833 1693 fugissent,
844 1640 924 1694 neep

161 1693 355 1746 cunctantibus
367 1695 484 1748 reddere
494 1711 658 1765 responsum
668 1696 812 1764 poterant:
825 1703 855 1749 et
860 1696 905 1749 cle
913 1718 925 1740 ι·

160 1764 188 1815 iu
199 1765 304 1830 portis,
325 1771 357 1817 ut
366 1766 414 1818 ubi
423 1766 502 1818 nulla
512 1773 587 1825 esset
602 1766 703 1830 statio,
724 1774 795 1834 quae
813 1766 922 1819 sustine

161 1833 309 1900 impetum,
322 1837 505 1889 audiebaturs·
520 1843 549 1889 ct
561 1837 738 1890 concursatio
748 1837 778 1888 in
792 1837 912 1889 obscuro

161 1903 312 1959 ridentium
324 1905 441 1958 aliorum
453 1906 482 1956 in
493 1906 565 1958 elios
576 1907 713 1960 incertum
727 1907 848 1970 fecerat,
870 1922 907 1960 aa

161 1973 212 2022 stis
224 1972 300 2024 intra
310 1975 414 2025 rollum
425 1980 508 2026 esset.
533 1978 592 2028 Uno
602 1993 657 2030 vox
669 1972 835 2030 audiebatur
844 1976 880 2028 od
889 1990 927 2029 ro<

161 2041 330 2094 vacantium.
365 2043 397 2096 ld
408 2043 483 2096 forte
494 2049 599 2098 temere
610 2049 645 2100 ab
656 2063 711 2099 uno
722 2048 909 2100 exclamatum

158 2109 195 2162 tis
206 2111 310 2177 passim
326 2114 495 2179 personabat
510 2116 617 2168 castris.
651 2118 750 2185 ltaque
764 2117 870 2185 primo,
889 2131 924 2168 ve

159 2181 230 2232 iussi
239 2179 268 2231 id
279 2179 382 2245 iacere,
392 2184 476 2250 pauci
487 2185 596 2248 armati,
608 2187 698 2239 maior
708 2201 772 2254 pars
782 2188 918 2250 inermes,

160 2265 238 2302 more
249 2249 413 2304 decurrunt:
424 2253 489 2317 (lein
499 2255 602 2322 plures,
612 2265 753 2324 postremo
764 2272 853 2325 prope
861 2270 926 2309 omn

160 2326 189 2372 ot
198 2319 258 2387 ipse
272 2322 382 2387 consul;
402 2324 500 2391 quum,
513 2324 619 2396 frustra
627 2342 759 2380 revocare
770 2326 910 2394 fugientes
928 2348 930 2369 ι

160 2397 255 2454 natus,
266 2406 318 2443 nec
326 2392 459 2459 imperio,
469 2411 520 2448 nec
531 2399 714 2461 auctoritate,
723 2413 779 2461 poc
788 2396 919 2465 precibus

160 2467 328 2526 extremum,
348 2463 495 2518 valuisset.
531 2466 609 2518 Unus
627 2467 760 2523 remansit
778 2466 819 2519 Μ.
838 2465 930 2523 [ἧφι

160 2529 271 2597 Strabo,
280 2533 410 2586 tribunus
419 2534 539 2587 militurn
549 2537 651 2588 tertiae
660 2536 789 2605 legionis,
800 2552 863 2588 cum
874 2535 923 2587 tril

139 2600 243 2670 ‘amnis
251 2603 289 2655 ab
298 2603 416 2674 legione
425 2621 478 2660 sun
488 2605 614 2660 relictus.
632 2607 724 2672 Hunc,
734 2608 862 2659 inv-noua
872 2622 930 2658 cea

127 2674 247 2730 turpem
255 2674 354 2746 meto,
363 2680 450 2751 istri,
462 2694 551 2754 quum
562 2679 639 2738 ullus
649 2683 777 2733 armutus
784 2677 916 2729 benamu
