1860 2994
68 154 119 208 aas
214 154 247 204 r.
266 150 554 219 nrv11[u.csss.
572 149 728 219 r.c.1e7.]

67 263 96 311 io
109 257 228 308 minimis
240 256 427 323 legationibus
438 254 561 318 fuerant,
571 255 826 311 iussilllacedonia
835 274 876 313 ex·

70 328 181 390 cedere,
205 332 288 393 atque
299 327 327 377 in
337 325 448 377 ltaliam
458 325 512 377 ire:
532 327 580 393 qui
595 340 652 377 non
669 328 817 392 paruisset
829 329 877 379 lnr·

67 398 158 465 perio,
178 410 254 447 mors
275 395 447 447 denuntiata.
483 394 574 461 Leges
591 396 781 450 Macedoniae
801 396 877 451 dedit

68 482 129 525 cunr
141 472 220 518 tanta
229 480 303 527 cura,
313 471 345 515 ut
356 480 412 515 non
423 464 551 517 hostibus
561 465 659 528 victis,
671 466 722 518 sed
733 468 875 519 sociisbe·
916 510 919 515 .

66 552 102 588 ne
112 537 233 597 meritis,
253 533 320 585 dare
330 533 485 587 videretur:
504 541 534 586 et
545 551 613 602 quas
630 550 666 587 ne
681 551 750 589 usus
767 536 875 605 quiden

66 607 152 672 longo
164 611 289 669 tempore
298 599 363 671 (qui
373 619 444 655 unus
454 610 498 656 est
513 605 607 671 legum
624 611 784 671 corrector)
798 622 875 675 expe·

65 676 164 727 riendo
176 678 314 741 argueret.
349 675 390 725 nb
402 674 483 726 seriis
494 674 576 727 rebus
587 675 745 739 ludicrum,
758 676 835 745 quod
844 689 876 729 ex

66 744 155 794 multo
166 750 231 794 ante
241 749 424 810 praeparato,
445 749 475 795 et
489 744 611 796 inrisisse
627 746 777 811 ciritates,
798 744 875 799 etad

65 828 148 879 reges
158 813 266 875 missis,
288 814 335 879 qui
347 812 558 876 denuntiarent,
578 819 607 865 et
619 828 703 880 quum
715 817 876 869 circumiret

66 884 127 950 ipse
134 883 269 935 Graeciae
281 884 417 945 civitates,
428 883 570 934 indixerat
581 883 767 950 principibus,
777 898 874 954 megm

67 960 202 1020 apparatu
212 950 373 1018 Amphipoli
383 951 460 1004 lecit.
497 952 568 1003 Nam
582 959 610 1004 et
629 955 774 1006 artificum
789 954 874 1007 omnis

67 1025 191 1091 generis,
202 1023 249 1089 qui
260 1021 397 1073 ludicram
408 1027 497 1072 artem
508 1021 667 1084 faciebant,
689 1038 725 1075 ex
735 1030 800 1075 toto
811 1024 874 1076 orbe
917 1084 920 1089 ¹

67 1102 206 1146 terrarum
217 1091 411 1153 multitudo‚et
421 1089 600 1154 athletarum,
605 1098 636 1143 et
645 1092 788 1145 nobilium
795 1108 874 1161 equo·

25 1168 34 1195 ³
66 1178 129 1215 rum
140 1162 282 1215 convenit:
302 1168 332 1212 et
342 1161 499 1227 legationes
517 1174 578 1211 cum
594 1161 734 1223 uictimis,
757 1168 789 1214 et
804 1164 875 1230 quic·

67 1234 135 1303 quid
146 1231 223 1284 aliud
235 1231 351 1282 deorum
370 1230 566 1296 hominumque
582 1244 667 1281 cause
682 1230 748 1283 lieri
768 1230 875 1299 magma

66 1303 140 1354 ludis
152 1304 183 1353 in
194 1302 313 1352 Graecia
323 1299 406 1351 solet.
425 1300 470 1350 lta
479 1298 587 1351 factum
599 1305 650 1363 est,
659 1306 693 1351 ut
704 1314 762 1351 non
773 1300 874 1367 magni·

67 1373 207 1423 licentiam
219 1375 339 1432 tantum,
359 1368 409 1419 sed
419 1368 596 1434 prudentiam
606 1371 635 1421 in
652 1369 756 1421 dandis
772 1376 873 1437 specta·

68 1442 151 1504 culis,
172 1440 287 1505 adquae
299 1439 382 1489 rudes
395 1444 453 1487 tum
464 1438 584 1489 Romani
594 1445 689 1503 erant,
710 1438 885 1501 admirarere·¹

66 1518 121 1562 tur.
159 1508 265 1575 Epulae
277 1523 384 1574 quoque
396 1507 582 1574 legationibus
593 1515 711 1576 paratae
723 1516 752 1561 et
765 1511 874 1576 opulen-

66 1583 108 1632 tio
119 1586 147 1632 et
160 1594 225 1630 cura
236 1579 342 1631 eadem.
378 1579 472 1644 Vulgo
495 1579 598 1630 dietum
620 1580 711 1645 ipsius
732 1578 873 1632 ferebant:

65 1652 105 1708 ,Er
118 1649 266 1703 conuicium
277 1649 427 1712 instruere,
439 1658 466 1701 et
476 1650 550 1701 ludos
563 1665 669 1717 parare
680 1649 803 1702 eiusdem
813 1666 873 1712 esee,

66 1722 115 1789 qui
126 1722 231 1773 oirrcere
241 1721 307 1772 dello
320 1720 410 1771 sciret.

120 1791 248 1843 XXXlll.
267 1790 353 1840 Edita
365 1789 475 1839 ludicro
486 1788 576 1838 omnis
588 1787 709 1855 generis,
721 1787 874 1855 clipeisque

66 1863 158 1913 aereis
169 1861 197 1909 in
208 1875 292 1910 nares
303 1858 452 1923 impositis,
458 1865 552 1909 cetera
563 1859 652 1923 omnis
662 1859 777 1926 generis
791 1875 875 1921 arma,

67 1931 209 1983 cumulata
223 1930 249 1977 in
265 1930 406 1992 ingentem
429 1942 571 1991 acervum,
592 1935 726 1994 precatus
742 1928 874 1992 Martem,

65 1997 381 2062 lllincrramdnuamque
393 2003 519 2058 matrem,
531 2003 559 2048 ct
569 2004 677 2049 ceteros
688 1998 769 2062 deus,
775 2000 874 2066 quibus

67 2070 160 2133 spolia
169 2060 291 2116 bostium
304 2065 399 2116 dicare
411 2065 454 2116 ius
465 2065 562 2131 fasque
575 2073 631 2130 est,
641 2069 702 2135 ipse
714 2069 875 2135 imperator,

66 2138 128 2189 face
138 2134 266 2194 subdita,
287 2134 437 2185 succendit.
474 2135 583 2188 Deinde
600 2138 818 2193 circumstantes
827 2139 875 2191 tri-

65 2206 133 2257 buni
145 2202 264 2253 militum
276 2217 326 2267 pro
338 2220 368 2255 se
380 2203 495 2270 quisque
505 2204 586 2270 ignes
598 2208 791 2261 coniecerunt.
823 2208 875 2261 No·

66 2282 128 2327 tata
138 2280 181 2325 cst
190 2273 220 2323 in
230 2272 281 2322 illo
294 2279 430 2324 conventu
441 2275 571 2340 Europae
582 2277 730 2345 Asiaeque,
751 2278 874 2346 undique

66 2346 168 2414 partim
178 2343 212 2394 ad
224 2343 554 2409 gratulationem,partim
567 2347 601 2397 ad
614 2348 809 2414 spectaculum
817 2364 876 2401 con·

66 2420 160 2467 tracta
169 2412 361 2476 multitudine,
383 2415 470 2464 tantis
482 2415 628 2466 navalibus
639 2418 876 2486 terrestribusque

66 2482 244 2544 exercitibus,
256 2499 289 2534 ea
299 2487 379 2549 copia
388 2498 489 2544 rerum,
501 2498 534 2535 ea
543 2485 637 2539 tilitas
650 2502 794 2551 annonae,
806 2494 839 2541 ut
849 2493 876 2539 et

54 2555 189 2623 priuatis,
201 2560 231 2608 et
242 2553 421 2617 civitatibus,
430 2557 461 2604 et
469 2554 615 2618 gentibus,
623 2556 700 2607 doun
707 2557 779 2609 duta
788 2561 875 2624 plera·

47 2644 107 2694 que·
127 2631 191 2684 rius
208 2628 327 2700 generis
344 2627 408 2680 sint
422 2624 459 2677 ab
479 2624 672 2689 imperatore,
686 2638 747 2670 non
759 2626 796 2669 'nx
809 2639 889 2672 unum

36 2701 133 2755 ruodo
144 2708 358 2772 praesentem,
371 2697 428 2754 sed
438 2694 533 2752 etium
543 2690 625 2759 quud
634 2689 738 2738 dumus
746 2683 907 2733 aamercort.
