1860 2994
21 165 97 219 Lrn.
109 164 236 217 XXXIX.
248 163 732 235 cnr.44.45.[U.C.569.A.C.183.]
755 168 790 222 la

15 273 105 323 laccus
118 269 221 320 molem
236 269 271 319 ad
282 269 435 334 Neptunias
450 284 551 335 aquas,
570 276 602 321 ut
615 271 671 322 iter
684 271 790 337 populo

15 347 75 402 set,
97 344 127 390 et
138 339 208 389 mam
219 354 268 405 per
278 337 456 389 Formianum
467 344 598 390 montem.
634 340 703 391 Cato
717 343 791 393 atria

15 425 51 472 ro,
63 408 206 460 Maenium
216 414 245 459 et
256 408 361 458 Titium
372 409 402 458 in
413 408 564 470 lautumiis,
570 413 599 460 et
609 416 741 476 quattuor
750 415 792 464 ta·

15 494 102 540 arnas,
123 477 154 528 in
173 477 311 544 publicum
332 479 413 542 cmit3
433 478 633 545 basilicamque
651 479 693 531 ibi
714 479 791 542 lecit,

15 563 58 601 rae
77 547 181 599 Porcia
200 547 340 613 appellata
360 553 411 599 est.
445 548 484 598 Et
503 547 657 613 ¹vectigalia
676 550 790 599 summis

15 618 85 670 etiis
92 616 186 681 ,ultro
197 618 304 668 tributa
314 617 414 667 infimis
424 616 594 668 locaverunt.
631 618 790 679 Quasloca·

15 702 80 739 ones
92 700 173 752 quum
184 692 309 748 senatus,
340 687 449 738 rccibus
460 693 488 737 et
498 686 620 737 lacrimis
631 687 791 754 publicano·

15 772 48 808 un
58 755 159 816 victus,
169 755 261 806 induci
273 761 302 807 et
312 701 345 806 J}
356 757 468 822 integro
478 756 569 807 locari
578 756 720 820 iussissct3
731 772 793 809 cen·

15 840 76 888 ires,
96 824 190 875 edicto
200 826 345 876 summotis
356 827 391 877 ab
402 824 496 886 basta,
518 827 564 893 qui
574 825 709 877 ludificati
720 827 794 892 prio·

15 909 45 945 sn
56 894 228 946 locationem
238 901 330 958 erant,
352 896 444 946 omnia
455 894 551 946 eadem
563 897 688 962 paullum
705 895 794 945 immi·

15 966 61 1016 rtis
71 964 172 1030 pretiis
183 964 354 1017 locaverunt.
373 964 483 1016 Nobilis
495 980 611 1017 censura
621 965 688 1027 fuit,
699 963 794 1015 simul·

15 1033 144 1100 rtiumque
157 1033 256 1098 plena,
274 1034 395 1099 quae-M.
406 1033 544 1094 Porcium,
555 1036 600 1086 cui
611 1036 750 1086 acerbitas
761 1049 794 1085 ea

15 1103 196 1170 signabatur,
207 1117 257 1167 per
269 1117 378 1152 omnem
388 1102 474 1152 vitam
485 1109 676 1153 exercuerunt.
687 1098 794 1153 Eodem

15 1187 62 1224 mo
73 1172 204 1223 coloniae
216 1171 300 1234 duae,
310 1170 440 1223 Potentia
452 1172 481 1221 in
492 1169 638 1233 Picenum,
649 1170 795 1221 Pisaurum

15 1240 168 1293 ,Gallicum
180 1256 293 1308 agrum,
315 1240 452 1293 deductae
464 1247 538 1292 sunt.
573 1239 646 1293 Sena
658 1242 755 1308 iugera
765 1240 794 1292 in

15 1310 115 1379 ngulos
126 1310 200 1362 data
236 1310 399 1362 Diviserunt
414 1326 526 1379 agrum,
548 1312 728 1378 coloniasque
746 1309 793 1362 (le-

15 1385 131 1432 uerunt
140 1379 224 1430 iidem
235 1381 362 1442 tresviri,
382 1380 415 1441 Q.
426 1381 529 1433 Fabius
540 1381 653 1445 Labeo,
673 1386 703 1433 ct
712 1382 751 1433 M.
764 1386 794 1432 ct

15 1448 139 1512 ‚Fulvia
160 1448 276 1500 Flaccus
287 1455 316 1501 et
326 1450 461 1502 Nobilior.
498 1451 631 1503 Consules
650 1451 709 1502 eius
726 1451 794 1502 anni

15 1533 40 1571 ac
50 1519 128 1571 donli
139 1534 190 1569 nec
200 1518 316 1570 militiae
326 1521 505 1572 memorabile
517 1525 660 1588 quicquam
668 1525 794 1587 egerunt.

39 1587 129 1639 XLV.
148 1587 179 1637 ln
190 1588 381 1653 insequentem
395 1605 497 1640 annum
515 1596 646 1641 crearunt
666 1589 796 1640 consules

15 1656 29 1707 l.
41 1657 187 1707 Claudium
198 1657 372 1720 Marcellum,
385 1657 418 1717 Q.
430 1657 546 1708 Fabium
558 1659 728 1708 Labeonem.
752 1657 795 1707 M.
862 1690 865 1695 -

15 1725 139 1788 laudius,
151 1726 183 1786 Q.
196 1725 300 1777 Fabius
313 1727 406 1776 idibus
414 1727 539 1787 Martiis,
549 1742 603 1791 quo
616 1726 661 1774 dle
673 1722 797 1774 consuls·

15 1811 49 1846 rm
60 1796 195 1858 inierunt,
207 1795 241 1845 de
252 1797 401 1861 provinciis
415 1796 472 1845 suis
490 1800 708 1860 praetorumque
724 1798 797 1844 retu·

15 1871 93 1916 irunt.
131 1864 280 1916 Praetores
301 1867 388 1915 creati
408 1871 489 1915 erant
507 1865 534 1915 C.
547 1860 676 1914 Valerius
695 1860 796 1916 llamea

15 1933 93 1996 ielis,
105 1936 152 2000 qui
165 1940 193 1984 et
204 1934 297 1999 priore
310 1949 380 1984 anno
393 1935 525 1999 petierat,
538 1939 566 1984 et
578 1932 624 1998 Sp.
637 1933 796 1985 Postumius

15 2003 117 2064 ibinus,
128 2009 157 2053 et
169 2004 197 2054 P.
210 2003 353 2054 Cornelius
365 2002 488 2064 Sisenna,
500 2005 530 2054 11·
539 2002 796 2068 Pupius,L.lulius,

15 2089 37 2123 n.
50 2073 185 2125 Sicinius.
223 2074 387 2124 Consulibus
399 2073 517 2139 Ligures
529 2088 589 2121 cum
609 2074 706 2123 iisdem
720 2088 796 2125 exer·

15 2143 107 2203 itibus,
131 2156 199 2208 quos
219 2141 250 2192 P.
263 2142 393 2193 Claudius
410 2149 437 2193 et
453 2142 485 2191 L.
497 2141 611 2192 Porcius
632 2139 795 2204 habuerant,

15 2212 136 2262 rovincia
148 2211 262 2262 decreta
273 2218 324 2262 est.
353 2211 505 2276 Hispaniae
517 2218 596 2262 extra
608 2219 710 2263 sortem
722 2212 797 2278 prio-

18 2282 107 2331 sanni
121 2282 295 2345 praetoribus
314 2297 374 2332 cum
392 2283 448 2330 suis
470 2281 637 2331 exercitibus
659 2289 795 2332 servatae.

15 2359 140 2401 ractores
152 2350 193 2398 ita
204 2351 301 2400 sortiri
311 2350 389 2412 iussi,
398 2351 440 2400 uti
450 2348 556 2399 flamini
564 2351 640 2399 Diali
651 2352 745 2416 utique
758 2351 796 2400 al·

15 2434 53 2470 tra
64 2421 136 2470 iuris
154 2419 264 2469 dicendi
277 2421 380 2470 llomac
396 2419 540 2485 provincia
555 2424 636 2468 esset.
672 2419 796 2485 Peregri-

15 2505 56 2539 am
70 2497 114 2540 est
125 2490 251 2539 sortitus.
278 2487 411 2540 Sisennae
423 2488 554 2540 Cornelio
565 2488 686 2556 urbana,
695 2487 813 2555 spro-

15 2562 96 2609 nrmio
110 2558 217 2616 Sicilia,
229 2559 261 2607 L.
270 2557 356 2623 Pupio
365 2558 481 2627 Apulia,
494 2559 526 2614 L.
537 2561 615 2614 lulio
628 2561 750 2617 Gallia,
772 2556 831 2602 Qu„

15 2627 98 2678 icinio
108 2627 232 2675 Sardinia
244 2629 339 2679 crearit.
376 2632 411 2684 L.
422 2632 516 2685 lulius
531 2643 696 2687 maturare
716 2632 766 2678 est
779 2624 845 2670 'rus-

15 2710 37 2745 ιι,
51 2694 127 2742 Galli
136 2695 319 2761 Transalpini,
327 2714 384 2765 per
395 2703 495 2760 saltus
506 2707 648 2776 ignotae
659 2706 762 2754 antea
769 2692 864 2749 stac,

15 2759 111 2808 ΜΝ,
128 2760 196 2809 Tou.
216 2763 246 2814 V.
569 2780 599 2832 D
