<?xml version="1.0" encoding="UTF-8"?>
<!DOCTYPE html PUBLIC "-//W3C//DTD XHTML 1.0 Transitional//EN"
    "http://www.w3.org/TR/xhtml1/DTD/xhtml1-transitional.dtd">
<html xmlns="http://www.w3.org/1999/xhtml" xml:lang="en" lang="en">
 <head>
  <title>
</title>
<meta http-equiv="Content-Type" content="text/html;charset=utf-8" />
  <meta name='ocr-system' content='tesseract 3.04.00' />
  <meta name='ocr-capabilities' content='ocr_page ocr_carea ocr_par ocr_line ocrx_word'/>
</head>
<body>
  <div class='ocr_page' id='page_1' title='image "./tliviipatavinih01livigoog_0169.png"; bbox 0 0 1860 2994; ppageno 0'>
   <div class='ocr_carea' id='block_1_1' title="bbox 83 129 744 201">
    <p class='ocr_par' dir='ltr' id='par_1_1' title="bbox 83 129 744 201">
     <span class='ocr_line' id='line_1_1' title="bbox 83 129 744 201; baseline -0.003 -19"><span class='ocrx_word' id='word_1_1' title='bbox 83 131 134 184; x_wconf 76' lang='lat' dir='ltr'>res</span> <span class='ocrx_word' id='word_1_2' title='bbox 232 131 264 182; x_wconf 81' lang='lat' dir='ltr'>r.</span> <span class='ocrx_word' id='word_1_3' title='bbox 283 129 567 201; x_wconf 75' lang='lat' dir='ltr'>u1v11[o.0.579.</span> <span class='ocrx_word' id='word_1_4' title='bbox 587 132 622 184; x_wconf 85' lang='lat' dir='ltr'>A.</span> <span class='ocrx_word' id='word_1_5' title='bbox 634 131 662 181; x_wconf 84' lang='lat' dir='ltr'>u.</span> <span class='ocrx_word' id='word_1_6' title='bbox 678 131 744 198; x_wconf 66' lang='lat'>173]</span> 
     </span>
    </p>
   </div>
   <div class='ocr_carea' id='block_1_2' title="bbox 70 234 889 2666">
    <p class='ocr_par' dir='ltr' id='par_1_2' title="bbox 70 234 889 2666">
     <span class='ocr_line' id='line_1_2' title="bbox 81 234 888 305; baseline 0.002 -16"><span class='ocrx_word' id='word_1_7' title='bbox 81 243 217 289; x_wconf 87' lang='lat' dir='ltr'>mutatam</span> <span class='ocrx_word' id='word_1_8' title='bbox 228 235 342 288; x_wconf 77' lang='lat' dir='ltr'>vellent.</span> <span class='ocrx_word' id='word_1_9' title='bbox 380 238 484 288; x_wconf 84' lang='lat' dir='ltr'>Contra</span> <span class='ocrx_word' id='word_1_10' title='bbox 493 235 595 287; x_wconf 89' lang='lat' dir='ltr'>Persea</span> <span class='ocrx_word' id='word_1_11' title='bbox 605 234 682 286; x_wconf 84' lang='lat' dir='ltr'>foma</span> <span class='ocrx_word' id='word_1_12' title='bbox 693 242 753 286; x_wconf 88' lang='lat' dir='ltr'>erat</span> <span class='ocrx_word' id='word_1_13' title='bbox 762 245 829 303; x_wconf 90' lang='lat' dir='ltr'>post</span> <span class='ocrx_word' id='word_1_14' title='bbox 842 253 888 305; x_wconf 90' lang='lat' dir='ltr'>pa-</span> 
     </span>
     <span class='ocr_line' id='line_1_3' title="bbox 81 305 888 372; baseline 0.001 -13"><span class='ocrx_word' id='word_1_15' title='bbox 81 309 133 359; x_wconf 85' lang='lat' dir='ltr'>tris</span> <span class='ocrx_word' id='word_1_16' title='bbox 144 312 263 358; x_wconf 91' lang='lat' dir='ltr'>mortem</span> <span class='ocrx_word' id='word_1_17' title='bbox 279 321 395 358; x_wconf 79' lang='lat' dir='ltr'>uxorem</span> <span class='ocrx_word' id='word_1_18' title='bbox 411 321 496 356; x_wconf 89' lang='lat' dir='ltr'>manu</span> <span class='ocrx_word' id='word_1_19' title='bbox 511 321 562 356; x_wconf 89' lang='lat' dir='ltr'>sua</span> <span class='ocrx_word' id='word_1_20' title='bbox 578 305 730 356; x_wconf 85' lang='lat' dir='ltr'>occidisse:</span> <span class='ocrx_word' id='word_1_21' title='bbox 752 306 888 372; x_wconf 81' lang='lat' dir='ltr'>Apeilem,</span> 
     </span>
     <span class='ocr_line' id='line_1_4' title="bbox 80 373 887 444; baseline 0.004 -17"><span class='ocrx_word' id='word_1_22' title='bbox 80 378 391 443; x_wconf 80' lang='lat' dir='ltr'>rninistrumquondam</span> <span class='ocrx_word' id='word_1_23' title='bbox 401 375 509 427; x_wconf 82' lang='lat' dir='ltr'>fraudis</span> <span class='ocrx_word' id='word_1_24' title='bbox 521 376 552 425; x_wconf 93' lang='lat' dir='ltr'>in</span> <span class='ocrx_word' id='word_1_25' title='bbox 561 373 649 426; x_wconf 82' lang='lat' dir='ltr'>fratrc</span> <span class='ocrx_word' id='word_1_26' title='bbox 659 375 796 439; x_wconf 88' lang='lat' dir='ltr'>tollendo,</span> <span class='ocrx_word' id='word_1_27' title='bbox 802 382 887 444; x_wconf 81' lang='lat' dir='ltr'>etque</span> 
     </span>
     <span class='ocr_line' id='line_1_5' title="bbox 81 442 886 514; baseline 0 -16"><span class='ocrx_word' id='word_1_28' title='bbox 81 449 117 498; x_wconf 95' lang='lat' dir='ltr'>ob</span> <span class='ocrx_word' id='word_1_29' title='bbox 128 448 157 498; x_wconf 95' lang='lat' dir='ltr'>id</span> <span class='ocrx_word' id='word_1_30' title='bbox 167 446 332 514; x_wconf 89' lang='lat' dir='ltr'>requisitum</span> <span class='ocrx_word' id='word_1_31' title='bbox 342 462 360 497; x_wconf 89' lang='lat' dir='ltr'>a</span> <span class='ocrx_word' id='word_1_32' title='bbox 370 442 499 511; x_wconf 90' lang='lat' dir='ltr'>Philippo</span> <span class='ocrx_word' id='word_1_33' title='bbox 511 444 547 497; x_wconf 86' lang='lat' dir='ltr'>ed</span> <span class='ocrx_word' id='word_1_34' title='bbox 556 445 735 510; x_wconf 87' lang='lat' dir='ltr'>supplicium,</span> <span class='ocrx_word' id='word_1_35' title='bbox 755 447 886 499; x_wconf 83' lang='lat' dir='ltr'>exsulen-</span> 
     </span>
     <span class='ocr_line' id='line_1_6' title="bbox 79 514 887 583; baseline -0.002 -13"><span class='ocrx_word' id='word_1_36' title='bbox 79 525 151 580; x_wconf 90' lang='lat' dir='ltr'>tem,</span> <span class='ocrx_word' id='word_1_37' title='bbox 172 517 335 569; x_wconf 89' lang='lat' dir='ltr'>arcessitum</span> <span class='ocrx_word' id='word_1_38' title='bbox 346 520 410 583; x_wconf 89' lang='lat' dir='ltr'>post</span> <span class='ocrx_word' id='word_1_39' title='bbox 419 515 507 582; x_wconf 91' lang='lat' dir='ltr'>patris</span> <span class='ocrx_word' id='word_1_40' title='bbox 518 521 637 566; x_wconf 90' lang='lat' dir='ltr'>mortem</span> <span class='ocrx_word' id='word_1_41' title='bbox 646 514 809 581; x_wconf 78' lang='lat' dir='ltr'><strong>ingentibus</strong></span> <span class='ocrx_word' id='word_1_42' title='bbox 824 530 887 583; x_wconf 92' lang='lat' dir='ltr'>pro·</span> 
     </span>
     <span class='ocr_line' id='line_1_7' title="bbox 79 585 887 654; baseline 0 -15"><span class='ocrx_word' id='word_1_43' title='bbox 79 588 175 639; x_wconf 86' lang='lat' dir='ltr'>missis</span> <span class='ocrx_word' id='word_1_44' title='bbox 187 586 223 638; x_wconf 89' lang='lat' dir='ltr'>ad</span> <span class='ocrx_word' id='word_1_45' title='bbox 233 587 357 654; x_wconf 87' lang='lat' dir='ltr'>praemia</span> <span class='ocrx_word' id='word_1_46' title='bbox 368 591 463 637; x_wconf 87' lang='lat' dir='ltr'>tantae</span> <span class='ocrx_word' id='word_1_47' title='bbox 476 590 653 651; x_wconf 76' lang='lat' dir='ltr'>perpetratae</span> <span class='ocrx_word' id='word_1_48' title='bbox 662 585 705 637; x_wconf 89' lang='lat' dir='ltr'>rei</span> <span class='ocrx_word' id='word_1_49' title='bbox 714 585 788 636; x_wconf 86' lang='lat' dir='ltr'>clam</span> <span class='ocrx_word' id='word_1_50' title='bbox 802 586 887 639; x_wconf 89' lang='lat' dir='ltr'>inter·</span> 
     </span>
     <span class='ocr_line' id='line_1_8' title="bbox 79 655 887 722; baseline 0.001 -13"><span class='ocrx_word' id='word_1_51' title='bbox 79 658 190 709; x_wconf 88' lang='lat' dir='ltr'>fecisse.</span> <span class='ocrx_word' id='word_1_52' title='bbox 217 655 360 708; x_wconf 86' lang='lat' dir='ltr'>intestinis</span> <span class='ocrx_word' id='word_1_53' title='bbox 371 655 548 722; x_wconf 77' lang='lat' dir='ltr'>externisque</span> <span class='ocrx_word' id='word_1_54' title='bbox 557 661 705 722; x_wconf 90' lang='lat' dir='ltr'>praeterea</span> <span class='ocrx_word' id='word_1_55' title='bbox 714 655 812 707; x_wconf 89' lang='lat' dir='ltr'>multis</span> <span class='ocrx_word' id='word_1_56' title='bbox 826 671 887 710; x_wconf 87' lang='lat' dir='ltr'>cae·</span> 
     </span>
     <span class='ocr_line' id='line_1_9' title="bbox 81 726 886 790; baseline 0.001 -12"><span class='ocrx_word' id='word_1_57' title='bbox 81 728 164 779; x_wconf 88' lang='lat' dir='ltr'>dibus</span> <span class='ocrx_word' id='word_1_58' title='bbox 185 726 333 790; x_wconf 85' lang='lat' dir='ltr'>infamem,</span> <span class='ocrx_word' id='word_1_59' title='bbox 363 741 414 778; x_wconf 92' lang='lat' dir='ltr'>nec</span> <span class='ocrx_word' id='word_1_60' title='bbox 432 726 490 777; x_wconf 88' lang='lat' dir='ltr'>uilo</span> <span class='ocrx_word' id='word_1_61' title='bbox 510 726 758 779; x_wconf 75' lang='lat' dir='ltr'>commendabilem</span> <span class='ocrx_word' id='word_1_62' title='bbox 776 727 886 790; x_wconf 88' lang='lat' dir='ltr'>merito,</span> 
     </span>
     <span class='ocr_line' id='line_1_10' title="bbox 79 796 886 865; baseline -0.001 -16"><span class='ocrx_word' id='word_1_63' title='bbox 79 796 279 864; x_wconf 74' lang='lat' dir='ltr'>praeferebant</span> <span class='ocrx_word' id='word_1_64' title='bbox 292 797 378 865; x_wconf 77' lang='lat' dir='ltr'>vulgo</span> <span class='ocrx_word' id='word_1_65' title='bbox 393 796 522 848; x_wconf 86' lang='lat' dir='ltr'>civitates</span> <span class='ocrx_word' id='word_1_66' title='bbox 543 801 601 847; x_wconf 90' lang='lat' dir='ltr'>tam</span> <span class='ocrx_word' id='word_1_67' title='bbox 619 800 666 863; x_wconf 90' lang='lat' dir='ltr'>pio</span> <span class='ocrx_word' id='word_1_68' title='bbox 687 797 886 864; x_wconf 78' lang='lat' dir='ltr'>erga·propin-</span> 
     </span>
     <span class='ocr_line' id='line_1_11' title="bbox 80 867 885 934; baseline -0.001 -16"><span class='ocrx_word' id='word_1_69' title='bbox 80 883 163 933; x_wconf 88' lang='lat' dir='ltr'>quos,</span> <span class='ocrx_word' id='word_1_70' title='bbox 183 873 242 919; x_wconf 90' lang='lat' dir='ltr'>tam</span> <span class='ocrx_word' id='word_1_71' title='bbox 251 867 327 918; x_wconf 91' lang='lat' dir='ltr'>iusto</span> <span class='ocrx_word' id='word_1_72' title='bbox 338 867 369 919; x_wconf 91' lang='lat' dir='ltr'>in</span> <span class='ocrx_word' id='word_1_73' title='bbox 379 868 466 929; x_wconf 79' lang='lat' dir='ltr'>cives,</span> <span class='ocrx_word' id='word_1_74' title='bbox 488 871 547 917; x_wconf 90' lang='lat' dir='ltr'>tam</span> <span class='ocrx_word' id='word_1_75' title='bbox 562 868 692 918; x_wconf 85' lang='lat' dir='ltr'>munifico</span> <span class='ocrx_word' id='word_1_76' title='bbox 707 881 775 934; x_wconf 82' lang='lat' dir='ltr'>erga</span> <span class='ocrx_word' id='word_1_77' title='bbox 789 881 885 919; x_wconf 90' lang='lat' dir='ltr'>omnes</span> 
     </span>
     <span class='ocr_line' id='line_1_12' title="bbox 78 935 887 1006; baseline 0.004 -20"><span class='ocrx_word' id='word_1_78' title='bbox 78 935 207 989; x_wconf 88' lang='lat' dir='ltr'>homines</span> <span class='ocrx_word' id='word_1_79' title='bbox 217 938 289 1006; x_wconf 79' lang='lat' dir='ltr'>regi,</span> <span class='ocrx_word' id='word_1_80' title='bbox 301 953 351 990; x_wconf 90' lang='lat' dir='ltr'>seu</span> <span class='ocrx_word' id='word_1_81' title='bbox 361 935 439 988; x_wconf 81' lang='lat' dir='ltr'>fama</span> <span class='ocrx_word' id='word_1_82' title='bbox 450 936 637 989; x_wconf 85' lang='lat' dir='ltr'>etmaiestate</span> <span class='ocrx_word' id='word_1_83' title='bbox 646 936 832 990; x_wconf 85' lang='lat' dir='ltr'>Macedonum</span> <span class='ocrx_word' id='word_1_84' title='bbox 844 952 887 989; x_wconf 90' lang='lat' dir='ltr'>rc·</span> 
     </span>
     <span class='ocr_line' id='line_1_13' title="bbox 79 1005 886 1074; baseline 0.002 -18"><span class='ocrx_word' id='word_1_85' title='bbox 79 1021 145 1074; x_wconf 87' lang='lat' dir='ltr'>gum</span> <span class='ocrx_word' id='word_1_86' title='bbox 156 1006 354 1074; x_wconf 83' lang='lat' dir='ltr'>praeoccupati</span> <span class='ocrx_word' id='word_1_87' title='bbox 366 1007 402 1059; x_wconf 92' lang='lat' dir='ltr'>ad</span> <span class='ocrx_word' id='word_1_88' title='bbox 411 1005 596 1074; x_wconf 84' lang='lat' dir='ltr'>spernendum</span> <span class='ocrx_word' id='word_1_89' title='bbox 607 1007 746 1074; x_wconf 82' lang='lat' dir='ltr'>originem</span> <span class='ocrx_word' id='word_1_90' title='bbox 760 1006 827 1058; x_wconf 79' lang='lat' dir='ltr'>nori</span> <span class='ocrx_word' id='word_1_91' title='bbox 845 1021 886 1058; x_wconf 89' lang='lat' dir='ltr'>re-</span> 
     </span>
     <span class='ocr_line' id='line_1_14' title="bbox 80 1075 887 1145; baseline 0.002 -19"><span class='ocrx_word' id='word_1_92' title='bbox 80 1076 142 1142; x_wconf 85' lang='lat' dir='ltr'>gni3</span> <span class='ocrx_word' id='word_1_93' title='bbox 162 1092 211 1128; x_wconf 90' lang='lat' dir='ltr'>seu</span> <span class='ocrx_word' id='word_1_94' title='bbox 221 1077 386 1129; x_wconf 82' lang='lat' dir='ltr'>mutationis</span> <span class='ocrx_word' id='word_1_95' title='bbox 397 1092 491 1130; x_wconf 92' lang='lat' dir='ltr'>rerum</span> <span class='ocrx_word' id='word_1_96' title='bbox 501 1075 608 1143; x_wconf 81' lang='lat' dir='ltr'>cupidi3</span> <span class='ocrx_word' id='word_1_97' title='bbox 626 1093 676 1130; x_wconf 88' lang='lat' dir='ltr'>seu</span> <span class='ocrx_word' id='word_1_98' title='bbox 686 1076 824 1145; x_wconf 89' lang='lat' dir='ltr'>quiaeum</span> <span class='ocrx_word' id='word_1_99' title='bbox 839 1077 887 1128; x_wconf 92' lang='lat' dir='ltr'>ob·</span> 
     </span>
     <span class='ocr_line' id='line_1_15' title="bbox 78 1148 887 1201; baseline 0.001 -5"><span class='ocrx_word' id='word_1_100' title='bbox 78 1149 183 1197; x_wconf 84' lang='lat' dir='ltr'>iactum</span> <span class='ocrx_word' id='word_1_101' title='bbox 199 1162 260 1201; x_wconf 89' lang='lat' dir='ltr'>esse</span> <span class='ocrx_word' id='word_1_102' title='bbox 277 1148 411 1201; x_wconf 81' lang='lat' dir='ltr'>Romanis</span> <span class='ocrx_word' id='word_1_103' title='bbox 432 1149 573 1201; x_wconf 85' lang='lat' dir='ltr'>volebant.</span> <span class='ocrx_word' id='word_1_104' title='bbox 608 1148 698 1200; x_wconf 81' lang='lat' dir='ltr'>Erant</span> <span class='ocrx_word' id='word_1_105' title='bbox 718 1151 810 1198; x_wconf 89' lang='lat' dir='ltr'>autem</span> <span class='ocrx_word' id='word_1_106' title='bbox 830 1160 887 1198; x_wconf 89' lang='lat' dir='ltr'>non</span> 
     </span>
     <span class='ocr_line' id='line_1_16' title="bbox 78 1215 887 1285; baseline -0.004 -17"><span class='ocrx_word' id='word_1_107' title='bbox 78 1216 174 1268; x_wconf 87' lang='lat' dir='ltr'>Aetoli</span> <span class='ocrx_word' id='word_1_108' title='bbox 184 1216 268 1270; x_wconf 91' lang='lat' dir='ltr'>modo</span> <span class='ocrx_word' id='word_1_109' title='bbox 278 1218 308 1269; x_wconf 87' lang='lat' dir='ltr'>in</span> <span class='ocrx_word' id='word_1_110' title='bbox 319 1218 517 1279; x_wconf 77' lang='lat' dir='ltr'>seditionibus,</span> <span class='ocrx_word' id='word_1_111' title='bbox 538 1224 653 1284; x_wconf 90' lang='lat' dir='ltr'>propter</span> <span class='ocrx_word' id='word_1_112' title='bbox 668 1218 810 1285; x_wconf 84' lang='lat' dir='ltr'>ingentem</span> <span class='ocrx_word' id='word_1_113' title='bbox 828 1215 887 1267; x_wconf 90' lang='lat' dir='ltr'>vim</span> 
     </span>
     <span class='ocr_line' id='line_1_17' title="bbox 80 1286 888 1356; baseline -0.002 -19"><span class='ocrx_word' id='word_1_114' title='bbox 80 1288 154 1337; x_wconf 86' lang='lat' dir='ltr'>aeris</span> <span class='ocrx_word' id='word_1_115' title='bbox 165 1288 258 1350; x_wconf 90' lang='lat' dir='ltr'>alieni,</span> <span class='ocrx_word' id='word_1_116' title='bbox 268 1287 319 1339; x_wconf 91' lang='lat' dir='ltr'>sed</span> <span class='ocrx_word' id='word_1_117' title='bbox 328 1287 567 1340; x_wconf 78' lang='lat' dir='ltr'>Thessaliotiam:</span> <span class='ocrx_word' id='word_1_118' title='bbox 579 1303 613 1340; x_wconf 81' lang='lat' dir='ltr'>ex</span> <span class='ocrx_word' id='word_1_119' title='bbox 624 1288 797 1356; x_wconf 81' lang='lat' dir='ltr'>contagione,</span> <span class='ocrx_word' id='word_1_120' title='bbox 807 1286 888 1338; x_wconf 86' lang='lat' dir='ltr'>velut</span> 
     </span>
     <span class='ocr_line' id='line_1_18' title="bbox 80 1354 885 1424; baseline 0.002 -18"><span class='ocrx_word' id='word_1_121' title='bbox 80 1357 174 1418; x_wconf 90' lang='lat' dir='ltr'>tabes,</span> <span class='ocrx_word' id='word_1_122' title='bbox 184 1357 213 1407; x_wconf 91' lang='lat' dir='ltr'>in</span> <span class='ocrx_word' id='word_1_123' title='bbox 224 1354 421 1409; x_wconf 86' lang='lat' dir='ltr'>Perrhaebiam</span> <span class='ocrx_word' id='word_1_124' title='bbox 433 1372 543 1424; x_wconf 88' lang='lat' dir='ltr'>quoque</span> <span class='ocrx_word' id='word_1_125' title='bbox 552 1357 582 1409; x_wconf 91' lang='lat' dir='ltr'>id</span> <span class='ocrx_word' id='word_1_126' title='bbox 594 1365 757 1424; x_wconf 87' lang='lat' dir='ltr'>pervaserat</span> <span class='ocrx_word' id='word_1_127' title='bbox 770 1355 885 1409; x_wconf 88' lang='lat' dir='ltr'>malum.</span> 
     </span>
     <span class='ocr_line' id='line_1_19' title="bbox 79 1425 886 1494; baseline 0.001 -19"><span class='ocrx_word' id='word_1_128' title='bbox 79 1428 170 1487; x_wconf 77' lang='lat' dir='ltr'>Quum</span> <span class='ocrx_word' id='word_1_129' title='bbox 181 1425 333 1478; x_wconf 88' lang='lat' dir='ltr'>Thessalos</span> <span class='ocrx_word' id='word_1_130' title='bbox 348 1427 378 1477; x_wconf 92' lang='lat' dir='ltr'>in</span> <span class='ocrx_word' id='word_1_131' title='bbox 393 1427 480 1479; x_wconf 88' lang='lat' dir='ltr'>armis</span> <span class='ocrx_word' id='word_1_132' title='bbox 501 1442 563 1479; x_wconf 87' lang='lat' dir='ltr'>esse</span> <span class='ocrx_word' id='word_1_133' title='bbox 571 1429 738 1481; x_wconf 75' lang='lat' dir='ltr'>nuntiatum</span> <span class='ocrx_word' id='word_1_134' title='bbox 758 1432 816 1489; x_wconf 86' lang='lat' dir='ltr'>est,</span> <span class='ocrx_word' id='word_1_135' title='bbox 836 1428 886 1494; x_wconf 83' lang='lat' dir='ltr'>Ap.</span> 
     </span>
     <span class='ocr_line' id='line_1_20' title="bbox 80 1494 888 1567; baseline 0.002 -22"><span class='ocrx_word' id='word_1_136' title='bbox 80 1494 228 1545; x_wconf 84' lang='lat' dir='ltr'>Claudium</span> <span class='ocrx_word' id='word_1_137' title='bbox 238 1496 363 1562; x_wconf 82' lang='lat' dir='ltr'>legatum</span> <span class='ocrx_word' id='word_1_138' title='bbox 374 1498 411 1549; x_wconf 93' lang='lat' dir='ltr'>ad</span> <span class='ocrx_word' id='word_1_139' title='bbox 421 1512 468 1549; x_wconf 87' lang='lat' dir='ltr'>eas</span> <span class='ocrx_word' id='word_1_140' title='bbox 479 1512 526 1551; x_wconf 89' lang='lat' dir='ltr'>res</span> <span class='ocrx_word' id='word_1_141' title='bbox 537 1499 710 1566; x_wconf 84' lang='lat' dir='ltr'>aspiciendas</span> <span class='ocrx_word' id='word_1_142' title='bbox 723 1510 888 1567; x_wconf 88' lang='lat' dir='ltr'>componen-</span> 
     </span>
     <span class='ocr_line' id='line_1_21' title="bbox 79 1564 888 1638; baseline 0.002 -24"><span class='ocrx_word' id='word_1_143' title='bbox 79 1564 185 1631; x_wconf 89' lang='lat' dir='ltr'>dasque</span> <span class='ocrx_word' id='word_1_144' title='bbox 196 1571 309 1618; x_wconf 89' lang='lat' dir='ltr'>senatos</span> <span class='ocrx_word' id='word_1_145' title='bbox 320 1566 405 1619; x_wconf 90' lang='lat' dir='ltr'>misit.</span> <span class='ocrx_word' id='word_1_146' title='bbox 433 1566 497 1631; x_wconf 73' lang='lat' dir='ltr'>Qui,</span> <span class='ocrx_word' id='word_1_147' title='bbox 506 1568 652 1637; x_wconf 88' lang='lat' dir='ltr'>utriusque</span> <span class='ocrx_word' id='word_1_148' title='bbox 662 1571 749 1638; x_wconf 87' lang='lat' dir='ltr'>partis</span> <span class='ocrx_word' id='word_1_149' title='bbox 758 1567 888 1636; x_wconf 89' lang='lat' dir='ltr'>principi·</span> 
     </span>
     <span class='ocr_line' id='line_1_22' title="bbox 77 1634 887 1710; baseline 0.004 -24"><span class='ocrx_word' id='word_1_150' title='bbox 77 1635 130 1686; x_wconf 91' lang='lat' dir='ltr'>bus</span> <span class='ocrx_word' id='word_1_151' title='bbox 146 1634 305 1705; x_wconf 85' lang='lat' dir='ltr'>castigatis,</span> <span class='ocrx_word' id='word_1_152' title='bbox 325 1648 412 1705; x_wconf 85' lang='lat' dir='ltr'>quum</span> <span class='ocrx_word' id='word_1_153' title='bbox 425 1638 530 1691; x_wconf 89' lang='lat' dir='ltr'>iniusto</span> <span class='ocrx_word' id='word_1_154' title='bbox 551 1639 646 1693; x_wconf 86' lang='lat' dir='ltr'>fenore</span> <span class='ocrx_word' id='word_1_155' title='bbox 669 1647 816 1710; x_wconf 82' lang='lat' dir='ltr'>gravatum</span> <span class='ocrx_word' id='word_1_156' title='bbox 837 1653 887 1690; x_wconf 85' lang='lat' dir='ltr'>ses</span> 
     </span>
     <span class='ocr_line' id='line_1_23' title="bbox 78 1705 888 1779; baseline 0.004 -24"><span class='ocrx_word' id='word_1_157' title='bbox 78 1705 212 1770; x_wconf 88' lang='lat' dir='ltr'>alienum,</span> <span class='ocrx_word' id='word_1_158' title='bbox 231 1708 301 1775; x_wconf 88' lang='lat' dir='ltr'>ipsis</span> <span class='ocrx_word' id='word_1_159' title='bbox 310 1722 412 1779; x_wconf 82' lang='lat' dir='ltr'>magna</span> <span class='ocrx_word' id='word_1_160' title='bbox 427 1724 463 1762; x_wconf 84' lang='lat' dir='ltr'>ex</span> <span class='ocrx_word' id='word_1_161' title='bbox 484 1717 563 1777; x_wconf 89' lang='lat' dir='ltr'>parte</span> <span class='ocrx_word' id='word_1_162' title='bbox 584 1711 816 1772; x_wconf 80' lang='lat' dir='ltr'>concedentibus,</span> <span class='ocrx_word' id='word_1_163' title='bbox 838 1709 888 1776; x_wconf 87' lang='lat' dir='ltr'>qui</span> 
     </span>
     <span class='ocr_line' id='line_1_24' title="bbox 79 1779 887 1844; baseline 0.005 -19"><span class='ocrx_word' id='word_1_164' title='bbox 79 1782 237 1842; x_wconf 82' lang='lat' dir='ltr'>onerarent,</span> <span class='ocrx_word' id='word_1_165' title='bbox 255 1779 386 1844; x_wconf 77' lang='lat' dir='ltr'>levasset,</span> <span class='ocrx_word' id='word_1_166' title='bbox 405 1780 474 1832; x_wconf 89' lang='lat' dir='ltr'>iusti</span> <span class='ocrx_word' id='word_1_167' title='bbox 485 1780 586 1832; x_wconf 87' lang='lat' dir='ltr'>crediti</span> <span class='ocrx_word' id='word_1_168' title='bbox 596 1781 764 1832; x_wconf 88' lang='lat' dir='ltr'>solutionem</span> <span class='ocrx_word' id='word_1_169' title='bbox 773 1779 887 1829; x_wconf 77' lang='lat' dir='ltr'>in*an·</span> 
     </span>
     <span class='ocr_line' id='line_1_25' title="bbox 78 1848 888 1913; baseline 0.004 -17"><span class='ocrx_word' id='word_1_170' title='bbox 78 1862 178 1898; x_wconf 90' lang='lat' dir='ltr'>norum</span> <span class='ocrx_word' id='word_1_171' title='bbox 198 1848 347 1913; x_wconf 76' lang='lat' dir='ltr'>pensiones</span> <span class='ocrx_word' id='word_1_172' title='bbox 368 1850 520 1903; x_wconf 85' lang='lat' dir='ltr'>distribuit.</span> <span class='ocrx_word' id='word_1_173' title='bbox 557 1850 610 1901; x_wconf 92' lang='lat' dir='ltr'>Per</span> <span class='ocrx_word' id='word_1_174' title='bbox 630 1849 744 1900; x_wconf 88' lang='lat' dir='ltr'>eundem</span> <span class='ocrx_word' id='word_1_175' title='bbox 763 1848 888 1911; x_wconf 82' lang='lat' dir='ltr'>Appium</span> 
     </span>
     <span class='ocr_line' id='line_1_26' title="bbox 79 1916 889 1984; baseline 0.006 -19"><span class='ocrx_word' id='word_1_176' title='bbox 79 1917 233 1981; x_wconf 88' lang='lat' dir='ltr'>eodemque</span> <span class='ocrx_word' id='word_1_177' title='bbox 244 1918 327 1970; x_wconf 89' lang='lat' dir='ltr'>modo</span> <span class='ocrx_word' id='word_1_178' title='bbox 338 1920 511 1984; x_wconf 88' lang='lat' dir='ltr'>compositae</span> <span class='ocrx_word' id='word_1_179' title='bbox 522 1919 550 1967; x_wconf 87' lang='lat' dir='ltr'>in</span> <span class='ocrx_word' id='word_1_180' title='bbox 561 1916 731 1968; x_wconf 86' lang='lat' dir='ltr'>Perrhaebia</span> <span class='ocrx_word' id='word_1_181' title='bbox 742 1929 796 1966; x_wconf 87' lang='lat' dir='ltr'>res.</span> <span class='ocrx_word' id='word_1_182' title='bbox 834 1919 889 1970; x_wconf 84' lang='lat' dir='ltr'>Ae·</span> 
     </span>
     <span class='ocr_line' id='line_1_27' title="bbox 77 1984 887 2054; baseline 0.009 -21"><span class='ocrx_word' id='word_1_183' title='bbox 77 1984 202 2034; x_wconf 84' lang='lat' dir='ltr'>solorum</span> <span class='ocrx_word' id='word_1_184' title='bbox 213 1999 310 2037; x_wconf 89' lang='lat' dir='ltr'>causas</span> <span class='ocrx_word' id='word_1_185' title='bbox 319 1987 472 2039; x_wconf 86' lang='lat' dir='ltr'>Marcellus</span> <span class='ocrx_word' id='word_1_186' title='bbox 484 1984 600 2052; x_wconf 86' lang='lat' dir='ltr'>Delphis</span> <span class='ocrx_word' id='word_1_187' title='bbox 616 2000 665 2052; x_wconf 91' lang='lat' dir='ltr'>per</span> <span class='ocrx_word' id='word_1_188' title='bbox 679 1985 753 2037; x_wconf 87' lang='lat' dir='ltr'>idem</span> <span class='ocrx_word' id='word_1_189' title='bbox 774 1990 887 2054; x_wconf 90' lang='lat' dir='ltr'>tempus</span> 
     </span>
     <span class='ocr_line' id='line_1_28' title="bbox 77 2053 885 2124; baseline 0.007 -21"><span class='ocrx_word' id='word_1_190' title='bbox 77 2053 226 2103; x_wconf 90' lang='lat' dir='ltr'>hostilibus</span> <span class='ocrx_word' id='word_1_191' title='bbox 238 2061 315 2106; x_wconf 87' lang='lat' dir='ltr'>actas</span> <span class='ocrx_word' id='word_1_192' title='bbox 325 2057 433 2119; x_wconf 89' lang='lat' dir='ltr'>animis,</span> <span class='ocrx_word' id='word_1_193' title='bbox 445 2071 512 2123; x_wconf 89' lang='lat' dir='ltr'>quos</span> <span class='ocrx_word' id='word_1_194' title='bbox 522 2056 658 2107; x_wconf 90' lang='lat' dir='ltr'>intestino</span> <span class='ocrx_word' id='word_1_195' title='bbox 671 2062 817 2124; x_wconf 81' lang='lat' dir='ltr'>gesserant</span> <span class='ocrx_word' id='word_1_196' title='bbox 828 2058 885 2110; x_wconf 89' lang='lat' dir='ltr'>bel·</span> 
     </span>
     <span class='ocr_line' id='line_1_29' title="bbox 77 2122 886 2193; baseline 0.011 -21"><span class='ocrx_word' id='word_1_197' title='bbox 77 2122 123 2184; x_wconf 92' lang='lat' dir='ltr'>lo,</span> <span class='ocrx_word' id='word_1_198' title='bbox 147 2125 285 2190; x_wconf 83' lang='lat' dir='ltr'>cognovit.</span> <span class='ocrx_word' id='word_1_199' title='bbox 321 2125 413 2186; x_wconf 79' lang='lat' dir='ltr'>Quum</span> <span class='ocrx_word' id='word_1_200' title='bbox 424 2130 559 2176; x_wconf 88' lang='lat' dir='ltr'>certatum</span> <span class='ocrx_word' id='word_1_201' title='bbox 571 2129 711 2193; x_wconf 88' lang='lat' dir='ltr'>utrimque</span> <span class='ocrx_word' id='word_1_202' title='bbox 721 2127 886 2181; x_wconf 82' lang='lat' dir='ltr'>temeritate</span> 
     </span>
     <span class='ocr_line' id='line_1_30' title="bbox 77 2193 885 2265; baseline 0.012 -25"><span class='ocrx_word' id='word_1_203' title='bbox 77 2196 162 2257; x_wconf 85' lang='lat' dir='ltr'>atque</span> <span class='ocrx_word' id='word_1_204' title='bbox 173 2193 291 2245; x_wconf 85' lang='lat' dir='ltr'>audacia</span> <span class='ocrx_word' id='word_1_205' title='bbox 302 2201 437 2257; x_wconf 89' lang='lat' dir='ltr'>cerneret,</span> <span class='ocrx_word' id='word_1_206' title='bbox 448 2196 560 2248; x_wconf 87' lang='lat' dir='ltr'>decreto</span> <span class='ocrx_word' id='word_1_207' title='bbox 571 2197 684 2265; x_wconf 88' lang='lat' dir='ltr'>quidem</span> <span class='ocrx_word' id='word_1_208' title='bbox 694 2213 744 2249; x_wconf 94' lang='lat' dir='ltr'>suo</span> <span class='ocrx_word' id='word_1_209' title='bbox 756 2204 885 2251; x_wconf 87' lang='lat' dir='ltr'>neutram</span> 
     </span>
     <span class='ocr_line' id='line_1_31' title="bbox 76 2262 886 2328; baseline 0.011 -17"><span class='ocrx_word' id='word_1_210' title='bbox 76 2266 185 2328; x_wconf 89' lang='lat' dir='ltr'>partem</span> <span class='ocrx_word' id='word_1_211' title='bbox 195 2267 244 2313; x_wconf 87' lang='lat' dir='ltr'>aut</span> <span class='ocrx_word' id='word_1_212' title='bbox 254 2262 361 2328; x_wconf 83' lang='lat' dir='ltr'>levare,</span> <span class='ocrx_word' id='word_1_213' title='bbox 382 2272 431 2316; x_wconf 88' lang='lat' dir='ltr'>aut</span> <span class='ocrx_word' id='word_1_214' title='bbox 447 2281 562 2319; x_wconf 89' lang='lat' dir='ltr'>onerare</span> <span class='ocrx_word' id='word_1_215' title='bbox 578 2268 681 2320; x_wconf 75' lang='lat' dir='ltr'>voluit:</span> <span class='ocrx_word' id='word_1_216' title='bbox 701 2270 886 2320; x_wconf 87' lang='lat' dir='ltr'>communiter</span> 
     </span>
     <span class='ocr_line' id='line_1_32' title="bbox 78 2331 884 2402; baseline 0.011 -19"><span class='ocrx_word' id='word_1_217' title='bbox 78 2331 113 2383; x_wconf 84' lang='lat' dir='ltr'>ab</span> <span class='ocrx_word' id='word_1_218' title='bbox 135 2331 260 2398; x_wconf 84' lang='lat' dir='ltr'>utrisque</span> <span class='ocrx_word' id='word_1_219' title='bbox 278 2335 376 2400; x_wconf 87' lang='lat' dir='ltr'>petiit,</span> <span class='ocrx_word' id='word_1_220' title='bbox 395 2336 568 2398; x_wconf 85' lang='lat' dir='ltr'>abstinerent</span> <span class='ocrx_word' id='word_1_221' title='bbox 588 2339 677 2402; x_wconf 90' lang='lat' dir='ltr'>bello,</span> <span class='ocrx_word' id='word_1_222' title='bbox 695 2345 725 2390; x_wconf 89' lang='lat' dir='ltr'>et</span> <span class='ocrx_word' id='word_1_223' title='bbox 743 2339 884 2392; x_wconf 82' lang='lat' dir='ltr'>oblivione</span> 
     </span>
     <span class='ocr_line' id='line_1_33' title="bbox 77 2402 885 2468; baseline 0.011 -16"><span class='ocrx_word' id='word_1_224' title='bbox 77 2402 294 2468; x_wconf 86' lang='lat' dir='ltr'>praeteritorum</span> <span class='ocrx_word' id='word_1_225' title='bbox 306 2404 461 2457; x_wconf 86' lang='lat' dir='ltr'>discordias</span> <span class='ocrx_word' id='word_1_226' title='bbox 473 2406 592 2459; x_wconf 85' lang='lat' dir='ltr'>finirent.</span> <span class='ocrx_word' id='word_1_227' title='bbox 620 2409 712 2460; x_wconf 84' lang='lat' dir='ltr'>Huius</span> <span class='ocrx_word' id='word_1_228' title='bbox 722 2410 885 2462; x_wconf 88' lang='lat' dir='ltr'>reconcilia·</span> 
     </span>
     <span class='ocr_line' id='line_1_34' title="bbox 77 2471 886 2547; baseline 0.012 -26"><span class='ocrx_word' id='word_1_229' title='bbox 77 2471 166 2522; x_wconf 86' lang='lat' dir='ltr'>tionis</span> <span class='ocrx_word' id='word_1_230' title='bbox 176 2471 250 2525; x_wconf 83' lang='lat' dir='ltr'>inter</span> <span class='ocrx_word' id='word_1_231' title='bbox 259 2473 336 2547; x_wconf 89' lang='lat' dir='ltr'>ipsos</span> <span class='ocrx_word' id='word_1_232' title='bbox 348 2475 417 2527; x_wconf 87' lang='lat' dir='ltr'>fides</span> <span class='ocrx_word' id='word_1_233' title='bbox 430 2476 575 2530; x_wconf 88' lang='lat' dir='ltr'>obsidibus</span> <span class='ocrx_word' id='word_1_234' title='bbox 586 2479 664 2531; x_wconf 84' lang='lat' dir='ltr'>ultro</span> <span class='ocrx_word' id='word_1_235' title='bbox 676 2481 801 2547; x_wconf 88' lang='lat' dir='ltr'>citroque</span> <span class='ocrx_word' id='word_1_236' title='bbox 812 2479 886 2531; x_wconf 86' lang='lat' dir='ltr'>datis</span> 
     </span>
     <span class='ocr_line' id='line_1_35' title="bbox 77 2541 885 2618; baseline 0.016 -27"><span class='ocrx_word' id='word_1_237' title='bbox 77 2541 189 2593; x_wconf 82' lang='lat' dir='ltr'>firmata</span> <span class='ocrx_word' id='word_1_238' title='bbox 199 2546 249 2595; x_wconf 84' lang='lat' dir='ltr'>est</span> <span class='ocrx_word' id='word_1_239' title='bbox 286 2545 443 2610; x_wconf 79' lang='lat' dir='ltr'>Corinthus,</span> <span class='ocrx_word' id='word_1_240' title='bbox 454 2554 487 2598; x_wconf 90' lang='lat' dir='ltr'>ut</span> <span class='ocrx_word' id='word_1_241' title='bbox 496 2548 535 2599; x_wconf 92' lang='lat' dir='ltr'>ibi</span> <span class='ocrx_word' id='word_1_242' title='bbox 547 2546 754 2618; x_wconf 86' lang='lat' dir='ltr'>deponerentur</span> <span class='ocrx_word' id='word_1_243' title='bbox 765 2550 885 2614; x_wconf 84' lang='lat' dir='ltr'>obsides,</span> 
     </span>
     <span class='ocr_line' id='line_1_36' title="bbox 70 2613 212 2666; baseline 0.035 -6"><span class='ocrx_word' id='word_1_244' title='bbox 70 2613 212 2666; x_wconf 69' lang='lat' dir='ltr'>conuenit.</span> 
     </span>
    </p>
   </div>
   <div class='ocr_carea' id='block_1_3' title="bbox 118 2683 893 2761">
    <p class='ocr_par' dir='ltr' id='par_1_3' title="bbox 118 2683 893 2761">
     <span class='ocr_line' id='line_1_37' title="bbox 118 2683 893 2761; baseline -0.006 -20"><span class='ocrx_word' id='word_1_245' title='bbox 118 2683 167 2738; x_wconf 77' lang='lat' dir='ltr'>VI.</span> <span class='ocrx_word' id='word_1_246' title='bbox 185 2689 209 2740; x_wconf 83' lang='grc' dir='ltr'><em>Α</em></span> <span class='ocrx_word' id='word_1_247' title='bbox 223 2685 349 2761; x_wconf 86' lang='lat' dir='ltr'>Delphis</span> <span class='ocrx_word' id='word_1_248' title='bbox 363 2696 392 2747; x_wconf 92' lang='lat' dir='ltr'>et</span> <span class='ocrx_word' id='word_1_249' title='bbox 408 2690 544 2747; x_wconf 76' lang='lat' dir='ltr'>Aetoiieo</span> <span class='ocrx_word' id='word_1_250' title='bbox 566 2688 893 2745; x_wconf 67' lang='lat' dir='ltr'>conediohharcdhus&#39;xn</span> 
     </span>
    </p>
   </div>
   <div class='ocr_carea' id='block_1_4' title="bbox 0 0 934 2994">
    <p class='ocr_par' dir='ltr' id='par_1_4' title="bbox 0 0 934 2994">
     <span class='ocr_line' id='line_1_38' title="bbox 0 0 934 2994; baseline 0 0"><span class='ocrx_word' id='word_1_251' title='bbox 0 0 934 2994; x_wconf 95' lang='lat' dir='ltr'> </span> 
     </span>
    </p>
   </div>
  </div>
 </body>
</html>
