1860 2994
230 39 345 86 Pfll'ssfflil
357 39 385 67 Ut
395 39 426 66 11·
437 39 579 67 rensuum
590 39 762 83 legdiU59qul
776 39 891 68 tulllius

232 93 373 149 venerant,
394 87 422 136 in
435 87 590 137 custodiam
603 86 730 136 coniecit.
767 89 829 137 Hoc
841 89 891 138 aud

232 173 309 219 seus,
331 157 503 206 contraxisse
515 171 577 206 eum
591 156 772 204 necessitates
787 164 864 207 ratus
880 172 891 206 a

232 227 328 292 utique
340 241 401 276 eum
413 224 552 283 Romanis,
565 221 600 272 ad
611 221 809 284 revocandum,
831 225 880 290 qui

232 295 379 362 portabat,
398 294 487 344 misit:
512 292 589 343 velut
603 288 672 339 nihil
687 290 763 339 aliud
779 305 878 356 agens,

234 370 339 431 quanta
350 363 471 414 maxime
482 366 589 427 posset,
609 359 713 425 praeda
725 373 759 409 ex
770 375 800 411 se
816 361 890 411 victo

232 438 435 487 reservaretur.
447 431 485 481 Et
494 431 529 481 ab
539 431 663 480 Eumene
673 427 835 494 Herophon,
846 430 891 496 ign

234 503 343 555 occulte
355 508 419 553 acta
430 506 522 562 erant,
532 498 615 550 redit.
652 497 694 548 De
707 499 821 563 captivis
833 505 891 550 actu

233 570 290 640 ipsi
305 571 516 637 evulgaverunt,
537 573 566 618 et
577 568 713 618 Eumenes
729 567 886 633 consulem,

235 641 400 709 suspicionis
411 654 503 700 causo,
514 638 658 689 certiorem
671 635 747 687 fecit.

287 708 412 760 XXVili.
432 708 563 767 Perseus,
584 710 648 772 post
662 706 783 758 reditum
799 709 834 760 ab
846 708 888 759 Eu

233 776 380 846 rophontis
391 790 439 841 spe
449 776 581 838 deiectus,
586 775 752 827 Antenorem
763 784 791 828 et
797 778 891 844 Callip‘

235 846 327 899 sectos
338 845 435 897 elassis
451 860 513 896 cum
527 845 713 913 quadraginta
726 845 825 897 lembis
843 849 890 912 (ad

235 914 309 967 liunc
319 929 460 966 numerum
473 915 594 983 quinque
604 916 707 982 pristes
718 919 808 979 erant)
820 917 891 968 Tene

236 984 287 1048 tit;
309 989 341 1035 ut
351 984 415 1036 inde
426 999 537 1051 sparsas
548 1001 597 1052 per
607 986 746 1053 Cycladas
757 987 861 1037 insulas
872 1003 889 1036 n

238 1053 381 1107 cedoniam
393 1070 453 1105 cum
466 1054 604 1107 frumento
615 1061 751 1122 petentes,
772 1062 891 1107 tutarent

236 1123 371 1178 saudreoe
381 1123 516 1176 deductae
528 1141 610 1176 naves
620 1127 649 1176 iu
663 1134 759 1191 portus
774 1127 892 1190 primum

237 1192 309 1246 Atho
320 1200 415 1245 monte
426 1199 503 1256 sunt,
524 1194 588 1245 inde
599 1193 742 1245 Tenedum
753 1193 862 1258 placido
875 1209 892 1244 n

236 1263 425 1326 traiecissem,
447 1270 554 1314 stantes
564 1264 684 1329 inportu
696 1260 817 1312 Rhodias
829 1278 891 1327 aper

235 1329 447 1402 Eudamumque
465 1332 635 1400 praefectum
647 1345 740 1382 earum
747 1365 754 1391 ,
766 1331 891 1383 inviolati

237 1402 322 1452 etiam
333 1402 451 1460 benigne
461 1399 617 1460 appellatos
630 1398 802 1450 dimiserunt.
832 1402 891 1460 Coe
