1860 2994
83 55 133 106 122
229 57 261 106 T.
281 53 388 105 LlVll
407 54 450 120 [U.
464 57 493 106 C.
507 57 564 123 574.
579 57 612 107 A.
624 56 652 106 C.
666 56 733 124 178.]

83 167 178 214 latialem,
189 168 324 207 auctoritate
334 166 418 216 nangis,
429 179 494 220 qnam
504 167 605 220 imperio,
616 167 729 219 pollebat:
746 181 754 208 ε

82 229 142 265 teras
153 226 232 272 gentes
240 223 305 275 plura
315 222 422 270 consilio,
432 236 498 275 quam
507 223 530 263 vi
540 229 562 264 et
573 227 672 270 terrore,
685 235 754 273 goren

82 281 153 322 batur.
164 276 192 318 In
202 277 302 319 (leviatos
313 277 409 331 populos
419 291 529 333 regesque
539 292 583 318 non
592 278 695 326 acerbus,
705 293 754 320 mun

82 335 166 382 socios,
176 333 220 375 sibi
227 334 301 375 solum
309 333 417 376 victoriae
427 334 495 375 decus
504 338 615 388 appetens
624 363 630 383 ‚
647 347 711 376 suam
720 348 754 387 re!

82 394 177 439 statem,
187 390 293 444 populis,
304 389 340 432 vel
350 389 374 430 in
382 402 462 444 aequo,
472 390 509 432 vel
520 390 588 431 etiam
597 390 621 431 in
628 391 711 445 impari
720 391 754 433 lor

82 451 158 490 tamen
167 446 242 506 legem
258 458 300 487 sua
308 446 358 487 iura
367 445 540 500 libertatemque
550 451 691 489 servaveratr
710 451 754 502 atqu

5 546 10 553 ‚
82 502 124 546 mis
142 505 260 556 utromque
278 501 347 543 maris
364 501 525 544 mediterranei
543 515 630 544 orama
643 501 744 545 Gadibus

81 571 153 613 usquc
162 557 306 612 complexus,
324 563 347 598 et
357 570 398 611 per
407 558 528 600 immensos
537 562 647 600 terrarum
661 563 748 601 tractus

81 615 167 658 nomini
176 615 277 656 Romano
287 614 416 663 conciliata,
425 615 539 656 subiectos
550 619 625 656 tamen
634 614 714 658 ditioni
723 615 754 657 sol

82 671 186 720 Siciliae,
197 674 221 712 ct
230 671 423 713 circumiectarum
433 669 515 713 Italiae
524 671 663 720 insularum,
682 675 706 714 et
715 673 752 726 ple

82 726 189 782 spaniae,
198 726 275 778 iugum
284 731 360 769 tamen
370 725 468 769 nondum
479 727 547 769 docili
555 727 653 769 ferentis
664 727 750 770 cervice

83 782 207 835 Augendae
216 781 363 825 dominationi
372 796 463 825 causam
472 783 634 838 materiamque
646 785 752 838 praebuit

83 838 187 883 consulte
196 836 295 881 bostium
304 843 327 881 et
336 839 474 882 aemulorum
488 840 602 895 pravitas,
621 853 688 894 quarn
700 840 754 894 ipsiu

28 912 33 927 ¹
83 895 164 938 Persei
173 895 197 936 in
211 896 301 949 primis,
320 895 468 938 Macedoniae
484 909 578 948 regnum
592 909 634 950 per
651 895 754 938 fraudem

83 951 170 1007 adepti,
180 951 304 994 crudelitas
314 952 338 994 in
346 953 469 1008 populares
477 953 579 995 omnibus
587 952 675 1001 invisa,
690 964 754 995 verat

83 1019 173 1052 mensas
183 1021 196 1049 o
214 1020 238 1049 es
248 1009 527 1057 abaritia,inconsiderata
534 1009 559 1051 in
566 1009 683 1064 capiendis
692 1021 754 1052 exosa

83 1063 186 1106 consiliis
195 1021 291 1113 linitas,
310 1069 333 1107 et
342 1064 406 1107 illum
416 1079 507 1120 pessum
516 1065 611 1115 dedere,
629 1069 652 1108 at
660 1079 754 1120 quuecur

83 1119 127 1162 boc
137 1119 260 1176 praecipuo
273 1121 518 1176 Romanae-potentiae
535 1121 598 1164 velut
615 1121 682 1164 freno
699 1125 754 1164 stare

83 1175 396 1220 Rcdundavitcniminalios
411 1178 460 1220 eius
477 1189 557 1226 casus,
573 1190 616 1220 nec
633 1178 754 1220 finitimoru

82 1232 126 1275 sed
133 1245 211 1277 eorum
220 1233 295 1283 etiam,
304 1234 343 1288 qni
351 1234 441 1286 longius
450 1234 531 1276 remoti
541 1238 615 1283 erant,
624 1235 712 1277 ruinam
722 1239 754 1277 tra

83 1289 166 1331 donum
180 1288 275 1331 exitium
294 1295 373 1332 secuta
391 1304 441 1332 cum
457 1289 556 1332 Achaeis
575 1289 698 1343 Carthago:
715 1295 754 1347 atq

83 1343 185 1388 cladibus
193 1345 300 1388 convulso
310 1346 408 1388 omnium
418 1350 488 1394 statu,
493 1346 582 1401 reliqua
590 1346 637 1388 iarn
645 1348 747 1402 imperia,

83 1400 194 1450 obnoxia,
204 1407 257 1454 post
266 1401 344 1456 paullo
355 1414 446 1451 eversa,
455 1402 480 1443 in
489 1402 614 1444 Romanum
624 1403 744 1458 imperium

83 1460 170 1499 serunt.
200 1456 276 1512 Atque
285 1457 354 1508 haec,
363 1461 389 1500 ut
398 1458 454 1501 locis
462 1459 647 1514 temporibusque
656 1461 754 1510 diversa,

82 1513 168 1562 iuncta,
174 1515 216 1556 sub
224 1528 269 1556 arno
280 1519 374 1570 aspectu
383 1512 420 1557 bic
428 1527 513 1570 ponere
522 1515 596 1565 libuit,
603 1516 703 1558 intuenti
710 1517 754 1558 inin

83 1569 192 1612 Romamn
202 1572 308 1613 aPerseo
318 1571 414 1620 bellum,
430 1570 490 1614 unde
503 1571 594 1613 initium
607 1573 705 1615 maxime
720 1585 754 1616 cre

84 1627 199 1668 Romanae
209 1639 297 1682 cepere.
313 1626 374 1669 lllud
384 1627 468 1669 bellum
478 1633 532 1670 tunc
541 1629 652 1682 coquebat
662 1629 754 1671 occultu:

56 1718 65 1727 .
83 1683 227 1780 Ucilmbm
235 1683 319 1736 magis,
336 1695 402 1738 quam
411 1684 561 1733 exercebant,
579 1684 681 1728 Romana
691 1697 754 1728 arma

96 1751 120 1779 rit
140 1753 154 1780 l.

128 1831 161 1886 [2.
179 1832 210 1874 M.
219 1832 284 1875 lunio
295 1833 379 1882 Bruto,
400 1831 429 1876 Α.
438 1833 525 1878 Manlio
533 1835 633 1880 Vulsoni
641 1835 754 1881 consulibu

85 1900 138 1938 ergo
148 1888 277 1940 provinciae
286 1894 352 1936 sunt,
370 1887 446 1931 Gallia
458 1895 482 1932 et
496 1892 603 1943 Liqures:
623 1894 709 1936 Manlio
722 1892 754 1934 (ia

84 1943 181 1994 Ligures
190 1944 299 1994 obtigere.
328 1946 489 1995 Praetoribus,
507 1949 538 1990 M.
550 1947 638 1991 Titinio
648 1949 722 1991 Curvo
736 1962 754 1990 u

85 1999 181 2041 Claudio
200 1997 289 2041 Neroni
304 2001 426 2054 peregrina
443 2003 570 2047 iurisdictio
586 2007 672 2048 evenit:
691 2006 718 2047 P.
729 2003 754 2045 Δι

85 2055 173 2105 Sicilia,
183 2052 211 2096 Τ.
221 2055 320 2098 Aebutio
330 2056 388 2098 Caro
398 2054 515 2108 Sardinia,
535 2061 567 2103 M.
577 2059 665 2103 Titinio
676 2061 730 2115 (duo
739 2073 754 2102 e:

85 2111 138 2154 tinii
146 2115 275 2164 praeturam
285 2111 326 2154 hoc
336 2125 395 2155 anno
406 2116 536 2170 gesserunt)
547 2117 660 2172 Hispania
669 2116 754 2159 citerior

85 2167 131 2209 taio
142 2167 248 2222 Capitoni
256 2169 358 2226 ulterior.
384 2170 516 2214 Incendium
527 2173 669 2216 circatorum
677 2177 751 2215 ortum

84 2223 181 2279 plurima
191 2224 271 2266 deusta
281 2229 341 2274 sunt,
350 2227 476 2270 etVeneria
485 2228 553 2272 aedes
562 2230 612 2272 sine
622 2230 669 2272 ullo
679 2229 754 2280 vestio

85 2280 172 2323 Vestae
182 2280 307 2334 penetralis
318 2283 377 2334 ignis
386 2285 522 2327 exstinctus.
552 2284 637 2337 Virgo,
653 2286 718 2328 cuins
728 2299 754 2328 cu

85 2340 128 2386 rat,
137 2336 201 2378 iussu
209 2337 241 2378 Μ.
252 2336 345 2380 Aemilii
353 2339 467 2394 pontificis
475 2341 569 2384 maximi
577 2341 649 2394 flagro
659 2354 738 2390 caesa,
747 2354 754 2382 a

85 2393 159 2435 aiones
169 2392 197 2434 de
205 2406 266 2436 more
274 2392 365 2437 habitae
381 2400 441 2438 sunt.
471 2397 579 2439 Lustrum
596 2397 637 2441 hoc
654 2411 712 2440 anno
729 2411 743 2439 a

85 2449 117 2492 bl.
127 2448 225 2491 Aemilio
233 2449 332 2506 Lepido,
352 2450 384 2494 lli.
394 2452 476 2495 Fulvio
486 2451 604 2496 Nobiliore
614 2454 728 2496 conditum
744 2466 754 2495 a

75 2505 226 2549 conturbium
237 2507 315 2564 capita
323 2506 421 2551 darecnta
429 2510 574 2563 septuaginta
581 2511 626 2551 tria
634 2509 713 2556 millia.
732 2509 754 2549 dr

64 2557 177 2610 dfflffr'ntae
188 2570 309 2620 quattuor.
339 2565 426 2622 Legati
433 2579 448 2610 u
457 2566 545 2610 Perseo
552 2565 754 2618 Macedonumreq*

47 2612 226 2674 flosculantes,
247 2628 277 2669 ut
285 2638 330 2672 rex
340 2627 472 2685 sociusque
482 2628 507 2670 et
516 2623 606 2668 aulicus
620 2634 636 2664 a
647 2624 733 2664 senatu
744 2629 754 2658 u
