1860 2994
58 296 94 352 ai
129 354 132 359 ,
198 295 232 349 r.
250 294 361 348 nrvn
380 253 533 371 [dcem
553 293 588 347 A.
602 292 716 360 ccmo]

63 371 817 386 ---—-—---·-.-—--0—.-——----—-—-

59 405 105 450 ter
120 398 178 449 tela
196 396 317 449 hostium
338 394 497 465 praetorem
521 403 732 464 conspexerunt.
768 400 817 450 lta

59 481 161 532 urgere
171 466 322 534 signiferos
337 482 387 534 pro
405 483 435 518 se
450 468 580 534 quisque,
602 467 700 518 iubere
714 466 818 521 inferre

58 551 122 604 gna,
135 542 165 587 et
174 536 322 588 confestim
334 539 452 588 militem
464 540 551 604 sequi.
562 537 723 589 Renovatur
734 537 817 590 ab¹on

60 607 112 656 bus
133 605 256 657 clamor:
287 607 407 674 impetus
419 607 451 656 iit
471 608 547 659 velut
566 623 601 658 ex
627 607 771 672 superiore
795 607 817 658 lt

60 676 145 727 Haud
156 690 236 727 secus
248 691 412 747 ergo,quam
425 679 558 728 torrentis
568 676 661 737 modo,
669 676 788 727 fundunt
798 691 817 728 si

61 751 185 810 nuntque
196 747 348 810 perculsos,
358 763 409 798 nee
419 748 552 799 sustineri
563 745 613 796 alii
624 761 707 812 super
717 745 788 797 alios
798 747 817 797 ir

61 820 157 864 rentes
168 829 229 866 sese
240 822 362 880 possunt.
384 816 535 882 Fugientes
547 815 576 864 in
588 822 680 865 castra
690 817 798 881 equites
810 831 817 882 p

63 884 153 934 secuti
164 889 246 948 sunt,
257 891 287 935 et
296 885 426 951 permixti
437 887 535 936 turbae
546 883 667 934 hostium
679 885 756 934 intra
766 884 817 936 val]

63 958 291 1019 penetraverunt:
304 955 352 1005 ubi
361 956 396 1006 ab
407 956 512 1006 relictis
523 955 553 1004 in
565 955 704 1020 praesidio
714 959 817 1005 castros

63 1022 201 1090 proelium
212 1021 411 1074 instauratum:
433 1027 576 1089 coactique
588 1029 652 1074 sunt
663 1024 781 1074 Romani
795 1039 817 1075 ex

65 1099 109 1143 tes
130 1092 298 1144 descendere
318 1108 352 1144 ex
372 1093 460 1159 equis.
497 1092 700 1144 Dimicantibus
721 1093 768 1154 iis,
795 1092 817 1144 le

66 1165 164 1227 quinta
185 1163 357 1226 supervenit:
381 1162 494 1225 deinde,
516 1169 547 1213 ut
568 1177 693 1230 quaeque
712 1168 817 1227 potueri

67 1234 164 1296 copiae
176 1229 335 1284 affluebant.
347 1233 507 1284 Caeduntur
516 1234 616 1298 passim
623 1232 741 1298 Hispani
751 1237 817 1300 pert

68 1308 175 1366 castra3
186 1317 236 1352 nec
247 1302 307 1368 plus
318 1318 399 1369 quam
411 1310 544 1370 quattuor
554 1303 644 1353 miliia
655 1301 795 1352 hominum
807 1317 817 1353 e

69 1379 178 1438 gerunt.
215 1372 281 1424 inde
293 1373 348 1422 tria
359 1372 532 1431 milliasam,
546 1373 592 1436 qui
604 1387 681 1422 arma
692 1372 817 1439 retinuer

67 1447 190 1493 montem
220 1444 405 1506 propinquum
430 1436 575 1504 ceperunt:
606 1441 684 1492 mille
714 1442 815 1492 semier

66 1510 187 1560 maxime
199 1524 248 1574 per
260 1523 342 1574 agros
355 1508 441 1574 palati
451 1517 524 1559 sunt.
562 1509 651 1576 Supra
664 1510 783 1578 triginta
797 1525 815 1576 q

68 1593 120 1643 que
132 1576 221 1626 millia
235 1575 356 1628 hostium
372 1576 498 1640 fuerant,
520 1594 554 1630 ex
575 1580 675 1646 quibus
697 1587 754 1630 tam
774 1581 817 1630 exi

65 1661 130 1712 pars
141 1661 251 1713 pugnae
262 1647 408 1714 superfuit.
444 1647 531 1718 Signa
543 1657 625 1716 capta
635 1657 746 1703 eentum
757 1652 817 1718 trig

64 1715 131 1767 tria.
168 1716 285 1768 Romani
297 1718 422 1786 sociique
432 1720 527 1784 paullo
539 1721 600 1787 plus
608 1722 750 1783 sexcenti,
772 1727 817 1784 etp

65 1785 225 1837 vinciaiium
241 1788 408 1841 auxiliorum
431 1795 543 1842 eentum
563 1791 767 1860 quinquaginta
786 1788 815 1839 fe

66 1856 235 1911 ceciderunt.
251 1859 368 1910 Tribuni
379 1860 498 1911 miiitum
510 1864 628 1927 quinque
639 1860 744 1920 amissi,
755 1864 783 1909 et
794 1873 817 1924 pr

67 1928 177 1995 equites
188 1929 319 1993 Romani,
336 1938 468 1984 cruentae
478 1931 598 1982 maxime
608 1930 742 1978 victoriae
753 1941 817 1991 spec

66 1999 202 2048 fecerunt.
239 2000 269 2048 ln
281 1997 381 2050 eastris
392 1999 524 2059 hostium,
536 1999 602 2063 quia
613 1996 682 2061 ipsis
693 1996 814 2058 spatium

67 2065 272 2118 communiendi
284 2066 453 2128 acesceret,
470 2070 639 2116 manserunt.
677 2063 730 2113 Pro
741 2065 817 2115 conci

66 2141 180 2202 postero
192 2135 237 2185 die
248 2134 354 2186 laudati
365 2135 517 2201 donatique
528 2150 545 2184 a
556 2135 584 2186 C.
597 2133 750 2198 Calpurnio
769 2148 817 2200 equ

65 2203 205 2271 phaleris:
226 2204 484 2271 pronuntiavitque,
495 2218 591 2254 eorum
602 2205 721 2254 maxime
734 2218 817 2269 opera

67 2278 125 2324 stes
135 2273 221 2334 fusos,
233 2280 324 2325 castra
335 2281 417 2341 capta
427 2281 456 2326 et
467 2280 627 2341 expugnata
638 2289 709 2325 esse.
729 2273 817 2334 Quinc

69 2343 142 2394 alter
154 2347 342 2408 praetersuos
352 2345 460 2411 equites
477 2345 585 2395 catellis
601 2361 633 2396 ae
648 2344 740 2395 fibulis
755 2343 817 2394 dont

68 2413 173 2463 Donati
186 2418 214 2464 et
227 2416 403 2465 centuriones
415 2430 450 2466 ex
465 2417 610 2482 utriusque
622 2415 747 2467 exercitu
758 2428 817 2480 perr

70 2483 104 2532 ti:
127 2483 249 2533 maxime
261 2485 310 2550 qui
321 2485 439 2536 mediam
451 2486 539 2537 aciem
553 2491 709 2536 tenuerunt.

124 2551 238 2604 xxxii.
250 2554 383 2605 Consules
395 2554 547 2606 deiectibus
560 2556 686 2622 aliisque,
698 2553 816 2620 quaeRo

73 2623 196 2688 agendae
208 2628 296 2687 erant,
307 2625 426 2689 peractis
437 2626 527 2687 rebus,
538 2625 566 2675 in
577 2625 698 2692 Ligures
709 2625 817 2690 provin(

73 2692 223 2743 exereitum
236 2694 385 2745 duxerunt.
422 2693 613 2762 Sempronius,
626 2711 643 2745 a
654 2694 725 2743 Pisis
737 2694 817 2759 profe

64 2761 100 2807 in
107 2765 241 2825 Apuanos
252 2764 383 2833 Ligures,
390 2766 524 2816 vastando
536 2764 794 2832 agros,urendoque
805 2780 817 2813 x

51 2829 84 2867 et
94 2831 217 2884 castella
229 2848 343 2901 eorum,
367 2835 484 2906 aperuit
499 2836 603 2891 saltum
617 2849 708 2900 usque
722 2834 759 2882 ad
770 2831 817 2881 tiu
