1860 2994
46 78 49 87 ’
105 66 873 180 cinnamomum.[messanam]rso

64 234 128 275 rum
138 218 279 286 peditum,
300 219 427 271 sexcenti
437 219 553 285 equites.
589 218 663 271 lllud
674 233 783 284 quoquo
794 233 874 285 prae-

67 290 180 357 cipuum
190 288 287 340 datum
297 290 371 341 sorti
381 288 573 351 Macedoniae,
593 293 625 339 ut
637 289 812 340 centuriones
823 287 874 338 mi-

66 359 187 426 litesque
196 365 305 411 veteres
317 360 460 422 scriberet,
482 374 551 426 quos
563 358 657 422 vellet,
678 359 774 410 consul
784 373 875 424 usquo

66 428 102 485 ad
113 430 421 498 quinquagintaenuos.
433 430 465 482 In
476 430 597 482 tribunis
608 429 730 480 militum
738 434 873 480 novatum

67 514 99 554 eo
111 514 184 552 anuo
196 507 312 569 propter
321 501 534 555 Macedonicum
544 500 649 554 bellum
656 537 664 565 ,
688 498 762 566 quod
774 512 873 550 consu-

65 570 108 623 les
119 584 156 623 ex
163 572 406 626 senatusconsulto
424 573 460 625 ad
471 571 605 640 populum
616 570 756 632 tulerunt,
766 608 769 613 .
779 584 813 621 uo
823 568 873 618 tri·

65 639 134 694 launi
144 639 266 693 militum
276 658 310 695 eo
323 658 395 695 anno
407 641 548 708 suffragiis
560 647 731 702 crearentur,
745 639 797 690 scd
809 652 874 691 oon·

66 709 158 769 sulum
172 715 387 779 praetorumque
401 711 431 762 in
450 711 486 761 iis
502 709 638 762 faciendis
648 709 784 761 iudicium
800 706 873 760 arbi·

65 779 205 847 triumque
216 787 299 834 esset.
330 783 408 834 lutor
420 785 565 847 praetores
576 779 618 831 ita
627 780 734 845 partita
743 778 874 846 imperia.

65 846 243 915 Praetorem,
261 851 341 901 cuius
352 866 414 904 sors
425 849 540 912 fuisset,
558 857 590 902 ut
603 849 672 912 iret,
692 863 747 917 quo
759 853 873 902 sanatus

65 919 238 982 censuisset,
259 919 441 971 Brundisium
459 919 496 971 ad
510 919 628 971 classem
637 919 679 971 ire
691 918 810 986 placuit3
831 922 875 970 ut·

66 1002 119 1058 qus
133 987 178 1040 ibi
193 996 407 1053 recognosceret
425 992 518 1042 socios
539 988 668 1051 navales,
689 988 874 1055 dimissisque,

65 1058 92 1111 si
101 1058 153 1126 qui
164 1071 263 1124 parum
275 1055 370 1108 idonei
380 1058 710 1122 essent,supplementum
720 1057 828 1122 legeret
839 1070 875 1109 ex

65 1126 222 1198 libertinis,
242 1131 273 1179 et
288 1125 368 1178 daret
386 1138 513 1192 operam,
533 1130 566 1176 ut
583 1124 762 1189 ducenarius
774 1125 874 1177 civium

66 1198 267 1259 Romanorum,
276 1195 364 1248 tertia
372 1195 512 1248 sociorum
519 1199 602 1247 esset.
618 1193 796 1246 commeatus
804 1193 875 1246 clas·

66 1267 92 1321 si
109 1267 321 1336 legionibusque
336 1271 368 1318 ut
386 1281 421 1318 cx
432 1264 531 1319 Sicilia
541 1263 726 1332 Sardiniaque
737 1260 876 1334 ¹subvehe-

65 1341 174 1401 rentur,
183 1337 369 1404 practoribus,
380 1335 428 1404 qui
437 1351 486 1389 eas
497 1335 655 1404 provincias
665 1334 760 1387 sortiti
772 1340 875 1399 essent,

67 1407 194 1460 mandari
204 1406 326 1474 placuit,
346 1412 379 1459 nt
395 1406 498 1460 alteras
511 1406 641 1459 decumas
653 1404 755 1459 Siculis
765 1403 876 1465 Sardis·

66 1491 122 1547 quc
138 1477 321 1543 imperarent,
340 1481 425 1543 utque
440 1476 470 1528 id
489 1476 660 1530 frumentum
672 1476 708 1528 ad
720 1476 875 1529 exercitum

67 1547 98 1599 iu
108 1546 302 1599 Macedoniam
312 1552 481 1613 portaretur.
500 1545 626 1599 Siciliam
638 1548 667 1598 C.
679 1547 811 1598 Caninius
821 1545 875 1597 Re·

67 1616 140 1670 bilus
158 1623 202 1669 ost
216 1616 350 1679 sortitus,
369 1616 403 1668 L.
414 1616 516 1668 Furius
530 1616 628 1667 Philus
644 1614 818 1677 Sardiniam,
841 1613 873 1666 1..

67 1687 218 1741 Canuleius
232 1686 411 1754 Hispaniam,
433 1685 460 1735 C.
478 1685 617 1752 Sulpicius
633 1684 726 1734 Galba
739 1686 874 1735 urbanam

66 1756 302 1820 iurisdictionem,
324 1757 357 1808 1..
369 1754 472 1808 Villius
483 1754 598 1806 Annalis
616 1754 691 1805 iuter
702 1752 873 1818 peregrinos.

67 1826 97 1881 C.
107 1826 238 1900 Lucretio
251 1827 350 1891 Gallo,
369 1840 423 1895 quo
435 1830 550 1879 senatus
562 1823 736 1886 censuisset,¹
754 1836 816 1874 sors
827 1820 875 1875 ob·

67 1898 153 1952 veuit.

120 1966 236 2021 xxxu.
256 1967 333 2020 lntcr
352 1966 481 2021 consules
501 1964 590 2034 magis
611 1961 769 2027 cavillatio,
792 1976 876 2032 quam

67 2052 168 2106 magna
179 2039 329 2101 contentio,
341 2037 375 2090 de
388 2038 532 2105 provincie
542 2036 606 2088 luit.
617 2035 740 2099 cassius,
751 2033 808 2088 sine
820 2048 876 2087 sor·

67 2117 95 2162 ts
105 2123 133 2161 se
141 2106 331 2162 Macedonium
342 2117 512 2176 optaturum,
533 2107 657 2170 dicebat,
678 2122 727 2161 nec
735 2119 814 2174 posse
825 2105 878 2157 col·

67 2180 166 2250 legam,
183 2178 456 2261 salomoniacarum,
474 2195 564 2232 secum
574 2177 680 2231 sortiri.
711 2179 877 2232 Praetorem

67 2265 140 2314 eum,
161 2264 195 2303 ns
208 2266 238 2302 sn
249 2249 421 2317 provinciam
437 2250 505 2314 iret,
523 2250 553 2303 s'o
568 2248 695 2302 concione
705 2248 828 2309 iurasse,
850 2260 878 2296 ss

68 2328 143 2373 stato
155 2321 213 2372 loco
224 2319 357 2385 statisque
369 2320 459 2372 diebus
470 2319 607 2384 sacrificio
617 2319 725 2383 luders,
743 2334 820 2388 quoe,
832 2314 878 2367 ab·

69 2399 144 2442 sente
155 2404 191 2452 tc,
211 2389 357 2458 rectcfieri
367 2407 420 2443 aon
427 2399 554 2458 possent:
573 2406 642 2458 quos
652 2407 705 2444 oon
716 2386 807 2456 magis
818 2401 879 2437 con·

70 2462 139 2522 suls,
155 2476 236 2527 quam
244 2468 381 2528 praetore,
404 2460 513 2514 absente
525 2470 598 2513 recte
607 2460 676 2529 fieri
687 2463 808 2527 possent.
846 2451 879 2504 m·

69 2538 197 2596 scutatus,
218 2547 272 2584 non
288 2530 355 2596 quid
373 2533 453 2583 vellet
468 2531 497 2584 ia
514 2531 661 2586 consulatu
673 2527 791 2595 poliuti
807 2532 898 2582 quun».

69 2599 137 2670 laid
152 2600 330 2670 inpraetura
346 2599 487 2658 iuraverit
504 2601 539 2657 P.
558 2598 712 2658 metatus,
734 2584 921 2644 mmm*

60 2671 240 2728 tendamus
251 2685 375 2749 censeat,
396 2693 425 2736 sc
438 2687 540 2738 tomen
550 2653 925 2752 saturaminscuowl‘
