1860 2994
78 135 133 191 282
236 137 270 188 u.
287 133 397 186 u1vu
417 135 464 204 [u.
478 135 578 191 osu.
592 135 742 207 nenos]

77 255 218 307 cuonem,
225 251 254 295 et
264 243 362 296 hostes
374 245 473 295 merito
482 245 658 298 eiltomanos
669 254 770 312 posset
778 246 879 303 fauens

78 318 128 368 sed
145 319 200 366 iant
216 313 389 367 untheutii
404 314 479 381 regis
498 322 596 382 parata
616 318 753 381 societas,
775 324 806 371 et
826 326 881 373 tu!

75 386 238 449 Gallorum,
257 383 410 437 effusorum
429 386 647 454 pouillyricum,
666 384 767 453 iugens

77 457 204 507 oblatum
220 455 338 506 arantis
356 452 501 506 dimissum
521 462 573 507 est
609 454 770 509 Veniebaut
790 460 881 513 denen

76 525 166 576 millia
181 525 319 592 equiturn,
335 538 390 591 par
405 540 536 577 uuurcrus
552 525 693 592 peditum,
714 532 744 579 et
758 526 881 601 ipsorpn

76 596 253 661 iungentium
264 608 373 645 carnum
387 594 478 661 equis,
498 602 528 646 et
538 595 569 646 in
581 595 671 648 vicen
687 596 882 665 prolapsum

785 392 919 657 '‘'l

78 667 317 730 equiturnraouos
331 665 502 731 capientium
518 665 557 717 ad
571 679 693 733 pugnam
713 681 812 734 equos.
840 666 882 721 iu
912 718 915 737 ,

75 734 150 800 pacti
160 739 254 795 aaut,
276 748 361 801 eques
382 734 468 786 deiros
483 741 644 802 praesentes
666 750 783 801 aureos,
801 736 882 805 pedes

74 805 189 870 quinos,
208 804 473 857 milleduneotusn.
508 804 695 858 Venientibus
711 803 757 858 liis
768 806 882 861 renen

76 874 112 925 ab
123 874 230 941 Enipeo
242 888 278 925 cx
287 874 389 926 castris
398 874 543 940 proiectus
558 873 667 926 obuiam
684 891 746 927 curu
770 876 882 931 dimidia

76 943 217 1008 copiarum
229 950 309 1010 parte
321 943 489 996 denuntiare
500 959 551 1011 per
560 946 638 996 vicos
647 944 805 1015 urbesque,
817 960 882 1016 quae

74 1014 138 1064 niae
146 1013 319 1081 propinquae
329 1018 404 1076 sunt,
416 1016 524 1080 coepit,
544 1021 576 1065 ut
588 1022 762 1068 commeatus
775 1014 883 1085 expedi·

74 1091 147 1146 rent,
167 1082 310 1146 iumenti,
328 1082 401 1146 vini,
416 1098 553 1151 pecorum
564 1091 596 1136 ut
607 1085 689 1153 copia
701 1092 789 1138 aaut.
825 1086 883 1155 lpnn

74 1166 176 1221 equos,
193 1151 394 1223 phalerasque,
416 1161 447 1206 et
460 1154 576 1221 sagula,
597 1155 698 1207 donuiu
714 1155 807 1224 princi
825 1156 882 1209 iim

73 1223 164 1286 ferre,
183 1230 214 1276 et
227 1238 327 1290 parurn
342 1223 416 1285 auri,
434 1224 512 1290 quod
528 1224 604 1277 inter
616 1240 721 1293 paucos
737 1172 881 1289 diviseret,
913 1210 917 1281 f

73 1292 284 1346 multitudinem
296 1292 412 1344 mdens
423 1291 498 1343 trahi
506 1309 557 1361 spe
566 1309 659 1360 posse.
686 1294 728 1350 ud
738 1296 882 1349 Almana!

72 1365 171 1416 urbem
182 1362 353 1428 per-renitet
360 1361 391 1411 ln
400 1363 463 1427 ripa
473 1361 594 1414 fluminis
604 1365 667 1416 ,lxii
677 1365 776 1432 posuit
785 1372 880 1419 susan

72 1433 156 1486 Circa
175 1430 354 1483 Desudabam
373 1431 404 1480 iu
423 1431 554 1484 Maedica
574 1435 714 1486 exercitus
736 1434 880 1488 Gallorum

75 1499 250 1561 consederat,
260 1499 415 1552 uiemodern
429 1509 540 1567 pactam
551 1505 705 1572 opperiens.
743 1506 788 1558 Eo
801 1503 882 1558 mittit

74 1572 251 1640 Antigonum,
263 1585 297 1622 ex
308 1572 471 1639 purpuratis
482 1589 565 1624 unum
572 1610 580 1637 ,
592 1578 638 1641 qui
648 1577 773 1638 iuberet,
794 1572 881 1628 multl-

72 1639 198 1693 tudiuem
213 1640 360 1693 Gallorum
380 1641 415 1693 ad
430 1642 574 1710 Bylazora
588 1644 740 1708 (Paeoniae
760 1645 788 1697 is
808 1645 880 1699 loces

73 1716 129 1775 est)
140 1717 232 1762 castra
243 1726 369 1773 morere,
391 1712 532 1780 principes
545 1713 580 1765 ad
595 1730 626 1766 se
643 1715 739 1767 venire
756 1715 880 1784 frequen-

71 1788 126 1834 tes.
163 1781 349 1850 Septuaginta
359 1783 481 1849 quinque
491 1784 583 1835 millia
595 1784 629 1835 ab
642 1785 713 1836 Axio
729 1783 847 1838 flumine
856 1788 881 1837 et

74 1854 175 1903 eastris
187 1854 262 1920 regis
273 1853 398 1904 aberant.
434 1853 513 1902 llaec
530 1852 661 1903 mandata
676 1853 711 1904 ad
731 1869 782 1906 eos
804 1866 880 1924 quun

74 1922 239 1988 pertulisset
249 1923 412 1991 Antigonus,
422 1921 640 1987 adiecissetque,
652 1936 703 1986 per
713 1924 792 1976 riam
804 1939 880 1994 quan·

74 2000 105 2042 ta
118 1991 238 2042 omnium
257 1997 422 2059 praeparata
438 2005 504 2040 eura
520 1991 594 2056 regis
611 1990 692 2055 eopia
705 1990 880 2047 multitudini

73 2062 163 2124 foret,
186 2062 338 2128 quibusque
353 2057 512 2110 muneribus
532 2059 669 2126 principes
691 2061 879 2125 advenientes,

73 2132 167 2193 restis,
178 2131 296 2198 argenti,
306 2142 493 2194 equorumque
507 2134 672 2194 excepturus
683 2147 734 2184 rex
746 2140 831 2197 esset,
849 2134 880 2186 de

73 2200 116 2253 his
130 2200 238 2266 quidem
250 2213 280 2248 se
296 2212 390 2248 eoram
408 2196 569 2264 cognituros
587 2202 764 2266 respondent.
800 2200 879 2265 illud,

75 2270 147 2338 quod
158 2281 289 2335 praesens
300 2266 484 2333 pepigissent,
505 2267 696 2337 interrogant,
716 2274 820 2340 ecquid
839 2287 880 2323 au·

74 2356 148 2401 rum,
169 2336 242 2403 quod
258 2336 423 2404 iusingulos
441 2337 549 2404 pedites
572 2340 738 2407 equitesque
760 2342 881 2395 divides·

76 2409 139 2461 duro
152 2413 240 2470 esset,
259 2422 352 2459 neourn
365 2406 549 2460 adduxisset?
568 2409 658 2470 Quum
672 2412 707 2462 ad
719 2409 749 2463 id
761 2409 833 2464 nihil
842 2426 880 2465 ru·

75 2478 269 2547 sponderetur,
281 2477 432 2530 Clondicus
443 2479 556 2545 regulus
567 2494 676 2530 eorum:
686 2479 883 2543 Adirenrsnts'n

74 2568 156 2620 ergo,
166 2548 267 2619 iuquit,
279 2548 356 2620 regi,
367 2546 421 2600 nisi
431 2564 530 2599 aurum
541 2548 695 2617 obsidesque
706 2550 881 2620 accepissent,

61 2640 203 2691 seztsqecam
231 2620 299 2676 inde
325 2621 421 2675 Gallos
449 2616 560 2687 longius
585 2618 735 2683 uestigium
760 2630 886 2669 numine

52 2692 142 2750 ilaec
159 2696 265 2753 relata
286 2695 356 2769 regi
376 2706 469 2766 quum
485 2690 602 2747 esseut,
619 2682 761 2733 aduncato
780 2681 906 2735 consuis,
