<?xml version="1.0" encoding="UTF-8"?>
<!DOCTYPE html PUBLIC "-//W3C//DTD XHTML 1.0 Transitional//EN"
    "http://www.w3.org/TR/xhtml1/DTD/xhtml1-transitional.dtd">
<html xmlns="http://www.w3.org/1999/xhtml" xml:lang="en" lang="en">
 <head>
  <title>
</title>
<meta http-equiv="Content-Type" content="text/html;charset=utf-8" />
  <meta name='ocr-system' content='tesseract 3.04.00' />
  <meta name='ocr-capabilities' content='ocr_page ocr_carea ocr_par ocr_line ocrx_word'/>
</head>
<body>
  <div class='ocr_page' id='page_1' title='image "./tliviipatavinih01livigoog_0294.png"; bbox 0 0 1860 2994; ppageno 0'>
   <div class='ocr_carea' id='block_1_1' title="bbox 25 84 751 166">
    <p class='ocr_par' dir='ltr' id='par_1_1' title="bbox 25 84 751 166">
     <span class='ocr_line' id='line_1_1' title="bbox 25 84 751 166; baseline -0.001 -15"><span class='ocrx_word' id='word_1_1' title='bbox 25 84 659 166; x_wconf 55' lang='lat' dir='ltr'><strong>ornamucmos.[cussiacum]</strong></span> <span class='ocrx_word' id='word_1_2' title='bbox 698 97 751 152; x_wconf 78' lang='lat' dir='ltr'><strong>ana</strong></span> 
     </span>
    </p>
   </div>
   <div class='ocr_carea' id='block_1_2' title="bbox 19 202 811 1506">
    <p class='ocr_par' dir='ltr' id='par_1_2' title="bbox 19 202 811 1506">
     <span class='ocr_line' id='line_1_2' title="bbox 20 202 749 273; baseline -0.003 -16"><span class='ocrx_word' id='word_1_3' title='bbox 20 219 33 256; x_wconf 88' lang='grc' dir='ltr'><strong>ι·</strong></span> <span class='ocrx_word' id='word_1_4' title='bbox 43 207 143 266; x_wconf 79' lang='lat' dir='ltr'><strong>cavati,</strong></span> <span class='ocrx_word' id='word_1_5' title='bbox 157 202 250 271; x_wconf 91' lang='lat' dir='ltr'><strong>paullo</strong></span> <span class='ocrx_word' id='word_1_6' title='bbox 260 203 324 269; x_wconf 91' lang='lat' dir='ltr'><strong>plus</strong></span> <span class='ocrx_word' id='word_1_7' title='bbox 336 218 416 272; x_wconf 81' lang='lat' dir='ltr'><strong>quum</strong></span> <span class='ocrx_word' id='word_1_8' title='bbox 429 204 507 256; x_wconf 87' lang='lat' dir='ltr'><strong>mille</strong></span> <span class='ocrx_word' id='word_1_9' title='bbox 519 218 617 270; x_wconf 77' lang='lat' dir='ltr'><strong>passus</strong></span> <span class='ocrx_word' id='word_1_10' title='bbox 628 206 749 273; x_wconf 86' lang='lat' dir='ltr'><strong>patebat.</strong></span> 
     </span>
     <span class='ocr_line' id='line_1_3' title="bbox 19 273 752 341; baseline 0 -15"><span class='ocrx_word' id='word_1_11' title='bbox 19 290 30 325; x_wconf 87' lang='lat' dir='ltr'><strong>n</strong></span> <span class='ocrx_word' id='word_1_12' title='bbox 42 275 145 336; x_wconf 82' lang='lat' dir='ltr'><strong>medio,</strong></span> <span class='ocrx_word' id='word_1_13' title='bbox 167 273 357 341; x_wconf 76' lang='lat' dir='ltr'><strong>spectantibus</strong></span> <span class='ocrx_word' id='word_1_14' title='bbox 367 273 507 341; x_wconf 82' lang='lat' dir='ltr'><strong>utrimque</strong></span> <span class='ocrx_word' id='word_1_15' title='bbox 518 289 552 326; x_wconf 85' lang='lat' dir='ltr'><strong>ox</strong></span> <span class='ocrx_word' id='word_1_16' title='bbox 564 275 638 325; x_wconf 86' lang='lat' dir='ltr'><strong>vallo</strong></span> <span class='ocrx_word' id='word_1_17' title='bbox 650 280 752 326; x_wconf 81' lang='lat' dir='ltr'><strong>castro</strong></span> 
     </span>
     <span class='ocr_line' id='line_1_4' title="bbox 23 341 752 410; baseline -0.001 -16"><span class='ocrx_word' id='word_1_18' title='bbox 23 341 89 395; x_wconf 85' lang='lat' dir='ltr'><strong>hine</strong></span> <span class='ocrx_word' id='word_1_19' title='bbox 99 357 174 409; x_wconf 84' lang='lat' dir='ltr'><strong>roge,</strong></span> <span class='ocrx_word' id='word_1_20' title='bbox 191 343 255 393; x_wconf 91' lang='lat' dir='ltr'><strong>hinc</strong></span> <span class='ocrx_word' id='word_1_21' title='bbox 267 343 377 394; x_wconf 90' lang='lat' dir='ltr'><strong>consule</strong></span> <span class='ocrx_word' id='word_1_22' title='bbox 389 358 450 394; x_wconf 88' lang='lat' dir='ltr'><strong>cum</strong></span> <span class='ocrx_word' id='word_1_23' title='bbox 462 343 519 394; x_wconf 91' lang='lat' dir='ltr'><strong>suis</strong></span> <span class='ocrx_word' id='word_1_24' title='bbox 530 342 694 409; x_wconf 80' lang='lat' dir='ltr'><strong>legionibus,</strong></span> <span class='ocrx_word' id='word_1_25' title='bbox 706 360 752 410; x_wconf 91' lang='lat' dir='ltr'><strong>pu-</strong></span> 
     </span>
     <span class='ocr_line' id='line_1_5' title="bbox 19 412 753 481; baseline 0 -17"><span class='ocrx_word' id='word_1_26' title='bbox 19 428 64 464; x_wconf 92' lang='lat' dir='ltr'><strong>um</strong></span> <span class='ocrx_word' id='word_1_27' title='bbox 77 421 129 464; x_wconf 87' lang='lat' dir='ltr'><strong>cst.</strong></span> <span class='ocrx_word' id='word_1_28' title='bbox 165 412 319 463; x_wconf 81' lang='lat' dir='ltr'><strong>Missilibus</strong></span> <span class='ocrx_word' id='word_1_29' title='bbox 337 413 434 478; x_wconf 87' lang='lat' dir='ltr'><strong>procul</strong></span> <span class='ocrx_word' id='word_1_30' title='bbox 447 415 528 481; x_wconf 83' lang='lat' dir='ltr'><strong>regia</strong></span> <span class='ocrx_word' id='word_1_31' title='bbox 537 413 643 464; x_wconf 85' lang='lat' dir='ltr'><strong>auxilia</strong></span> <span class='ocrx_word' id='word_1_32' title='bbox 653 414 753 466; x_wconf 89' lang='lat' dir='ltr'><strong>melius</strong></span> 
     </span>
     <span class='ocr_line' id='line_1_6' title="bbox 19 482 754 548; baseline -0.001 -15"><span class='ocrx_word' id='word_1_33' title='bbox 19 483 126 546; x_wconf 79' lang='lat' dir='ltr'><strong>rabant3</strong></span> <span class='ocrx_word' id='word_1_34' title='bbox 151 482 275 534; x_wconf 80' lang='lat' dir='ltr'><strong>nonninus</strong></span> <span class='ocrx_word' id='word_1_35' title='bbox 285 482 417 533; x_wconf 89' lang='lat' dir='ltr'><strong>stabilior</strong></span> <span class='ocrx_word' id='word_1_36' title='bbox 428 489 456 533; x_wconf 90' lang='lat' dir='ltr'><strong>et</strong></span> <span class='ocrx_word' id='word_1_37' title='bbox 467 485 568 544; x_wconf 85' lang='lat' dir='ltr'><strong>tutior,</strong></span> <span class='ocrx_word' id='word_1_38' title='bbox 589 487 637 533; x_wconf 85' lang='lat' dir='ltr'><strong>aut</strong></span> <span class='ocrx_word' id='word_1_39' title='bbox 650 497 754 548; x_wconf 85' lang='lat' dir='ltr'><strong>parma,</strong></span> 
     </span>
     <span class='ocr_line' id='line_1_7' title="bbox 19 551 754 619; baseline 0 -17"><span class='ocrx_word' id='word_1_40' title='bbox 19 558 95 602; x_wconf 88' lang='lat' dir='ltr'><strong>scuto</strong></span> <span class='ocrx_word' id='word_1_41' title='bbox 110 552 271 619; x_wconf 81' lang='lat' dir='ltr'><strong>Ligustino,</strong></span> <span class='ocrx_word' id='word_1_42' title='bbox 291 551 435 602; x_wconf 88' lang='lat' dir='ltr'><strong>Romanus</strong></span> <span class='ocrx_word' id='word_1_43' title='bbox 451 559 522 603; x_wconf 84' lang='lat' dir='ltr'><strong>crat.</strong></span> <span class='ocrx_word' id='word_1_44' title='bbox 558 552 679 604; x_wconf 78' lang='lat' dir='ltr'><strong>Meridie</strong></span> <span class='ocrx_word' id='word_1_45' title='bbox 694 551 754 603; x_wconf 82' lang='lat' dir='ltr'><strong>fere</strong></span> 
     </span>
     <span class='ocr_line' id='line_1_8' title="bbox 19 618 753 691; baseline 0 -19"><span class='ocrx_word' id='word_1_46' title='bbox 19 619 77 688; x_wconf 76' lang='lat' dir='ltr'><strong>ptui</strong></span> <span class='ocrx_word' id='word_1_47' title='bbox 97 623 160 672; x_wconf 88' lang='lat' dir='ltr'><strong>cani</strong></span> <span class='ocrx_word' id='word_1_48' title='bbox 174 621 346 676; x_wconf 76' lang='lat' dir='ltr'><strong>suis,consul</strong></span> <span class='ocrx_word' id='word_1_49' title='bbox 361 618 452 671; x_wconf 85' lang='lat' dir='ltr'><strong>iussit.</strong></span> <span class='ocrx_word' id='word_1_50' title='bbox 488 620 531 674; x_wconf 81' lang='lat' dir='ltr'><strong>lta</strong></span> <span class='ocrx_word' id='word_1_51' title='bbox 544 636 579 672; x_wconf 82' lang='lat' dir='ltr'><strong>eo</strong></span> <span class='ocrx_word' id='word_1_52' title='bbox 596 621 753 691; x_wconf 22' lang='lat' dir='ltr'><strong>dictdirem·</strong></span> 
     </span>
     <span class='ocr_line' id='line_1_9' title="bbox 19 688 753 757; baseline 0 -16"><span class='ocrx_word' id='word_1_53' title='bbox 19 706 30 741; x_wconf 85' lang='grc' dir='ltr'><strong>ι</strong></span> <span class='ocrx_word' id='word_1_54' title='bbox 40 691 176 757; x_wconf 86' lang='lat' dir='ltr'><strong>proelium</strong></span> <span class='ocrx_word' id='word_1_55' title='bbox 189 697 239 753; x_wconf 83' lang='lat' dir='ltr'><strong>est,</strong></span> <span class='ocrx_word' id='word_1_56' title='bbox 249 688 323 739; x_wconf 82' lang='lat' dir='ltr'><strong>haud</strong></span> <span class='ocrx_word' id='word_1_57' title='bbox 333 688 429 755; x_wconf 82' lang='lat' dir='ltr'><strong>paucis</strong></span> <span class='ocrx_word' id='word_1_58' title='bbox 439 689 579 757; x_wconf 81' lang='lat' dir='ltr'><strong>utrimque</strong></span> <span class='ocrx_word' id='word_1_59' title='bbox 588 690 753 743; x_wconf 81' lang='lat' dir='ltr'><strong>interiectis.</strong></span> 
     </span>
     <span class='ocr_line' id='line_1_10' title="bbox 39 757 754 825; baseline 0.001 -15"><span class='ocrx_word' id='word_1_60' title='bbox 39 764 103 811; x_wconf 88' lang='lat' dir='ltr'><strong>orto</strong></span> <span class='ocrx_word' id='word_1_61' title='bbox 123 765 237 825; x_wconf 84' lang='lat' dir='ltr'><strong>postero</strong></span> <span class='ocrx_word' id='word_1_62' title='bbox 257 757 320 819; x_wconf 83' lang='lat' dir='ltr'><strong>dic,</strong></span> <span class='ocrx_word' id='word_1_63' title='bbox 339 757 460 809; x_wconf 87' lang='lat' dir='ltr'><strong>irritatis</strong></span> <span class='ocrx_word' id='word_1_64' title='bbox 481 758 632 812; x_wconf 85' lang='lat' dir='ltr'><strong>certamina</strong></span> <span class='ocrx_word' id='word_1_65' title='bbox 647 762 754 823; x_wconf 80' lang='lat' dir='ltr'><strong>anunis,</strong></span> 
     </span>
     <span class='ocr_line' id='line_1_11' title="bbox 19 827 755 891; baseline -0.001 -11"><span class='ocrx_word' id='word_1_66' title='bbox 19 844 38 879; x_wconf 90' lang='lat' dir='ltr'><strong>n</strong></span> <span class='ocrx_word' id='word_1_67' title='bbox 50 828 141 880; x_wconf 80' lang='lat' dir='ltr'><strong>acrius</strong></span> <span class='ocrx_word' id='word_1_68' title='bbox 152 841 315 878; x_wconf 88' lang='lat' dir='ltr'><strong>coneursum</strong></span> <span class='ocrx_word' id='word_1_69' title='bbox 326 832 381 880; x_wconf 84' lang='lat' dir='ltr'><strong>est:</strong></span> <span class='ocrx_word' id='word_1_70' title='bbox 402 827 451 878; x_wconf 87' lang='lat' dir='ltr'><strong>sed</strong></span> <span class='ocrx_word' id='word_1_71' title='bbox 462 827 589 891; x_wconf 84' lang='lat' dir='ltr'><strong>Romani,</strong></span> <span class='ocrx_word' id='word_1_72' title='bbox 600 843 656 881; x_wconf 88' lang='lat' dir='ltr'><strong>non</strong></span> <span class='ocrx_word' id='word_1_73' title='bbox 666 831 700 882; x_wconf 83' lang='lat' dir='ltr'><strong>ab</strong></span> <span class='ocrx_word' id='word_1_74' title='bbox 712 828 755 880; x_wconf 82' lang='lat' dir='ltr'><strong>liis</strong></span> 
     </span>
     <span class='ocr_line' id='line_1_12' title="bbox 19 896 754 962; baseline 0.003 -15"><span class='ocrx_word' id='word_1_75' title='bbox 19 913 75 958; x_wconf 88' lang='lat' dir='ltr'><strong>um,</strong></span> <span class='ocrx_word' id='word_1_76' title='bbox 93 911 154 947; x_wconf 91' lang='lat' dir='ltr'><strong>cum</strong></span> <span class='ocrx_word' id='word_1_77' title='bbox 166 896 265 961; x_wconf 87' lang='lat' dir='ltr'><strong>quibus</strong></span> <span class='ocrx_word' id='word_1_78' title='bbox 275 898 449 948; x_wconf 86' lang='lat' dir='ltr'><strong>contractum</strong></span> <span class='ocrx_word' id='word_1_79' title='bbox 461 902 603 949; x_wconf 82' lang='lat' dir='ltr'><strong>certamen</strong></span> <span class='ocrx_word' id='word_1_80' title='bbox 612 905 686 962; x_wconf 87' lang='lat' dir='ltr'><strong>erat,</strong></span> <span class='ocrx_word' id='word_1_81' title='bbox 706 897 754 951; x_wconf 85' lang='lat' dir='ltr'><strong>sed</strong></span> 
     </span>
     <span class='ocr_line' id='line_1_13' title="bbox 19 965 757 1032; baseline -0.001 -14"><span class='ocrx_word' id='word_1_82' title='bbox 19 981 42 1018; x_wconf 83' lang='lat' dir='ltr'><strong>;o</strong></span> <span class='ocrx_word' id='word_1_83' title='bbox 54 965 143 1032; x_wconf 81' lang='lat' dir='ltr'><strong>magis</strong></span> <span class='ocrx_word' id='word_1_84' title='bbox 155 967 188 1016; x_wconf 87' lang='lat' dir='ltr'><strong>ab</strong></span> <span class='ocrx_word' id='word_1_85' title='bbox 200 979 233 1016; x_wconf 83' lang='lat' dir='ltr'><strong>ea</strong></span> <span class='ocrx_word' id='word_1_86' title='bbox 243 965 505 1032; x_wconf 82' lang='lat' dir='ltr'><strong>multitudine,quae</strong></span> <span class='ocrx_word' id='word_1_87' title='bbox 516 966 653 1032; x_wconf 87' lang='lat' dir='ltr'><strong>dispositu</strong></span> <span class='ocrx_word' id='word_1_88' title='bbox 661 969 690 1017; x_wconf 91' lang='lat' dir='ltr'><strong>in</strong></span> <span class='ocrx_word' id='word_1_89' title='bbox 700 972 757 1017; x_wconf 89' lang='lat' dir='ltr'><strong>tur·</strong></span> 
     </span>
     <span class='ocr_line' id='line_1_14' title="bbox 19 1033 756 1099; baseline -0.004 -12"><span class='ocrx_word' id='word_1_90' title='bbox 19 1052 31 1087; x_wconf 91' lang='lat' dir='ltr'><strong>s</strong></span> <span class='ocrx_word' id='word_1_91' title='bbox 42 1033 228 1096; x_wconf 62' lang='lat' dir='ltr'><strong>stabatomni</strong></span> <span class='ocrx_word' id='word_1_92' title='bbox 239 1047 340 1099; x_wconf 79' lang='lat' dir='ltr'><strong>genere</strong></span> <span class='ocrx_word' id='word_1_93' title='bbox 350 1035 497 1086; x_wconf 85' lang='lat' dir='ltr'><strong>missilium</strong></span> <span class='ocrx_word' id='word_1_94' title='bbox 508 1036 627 1086; x_wconf 90' lang='lat' dir='ltr'><strong>telorum</strong></span> <span class='ocrx_word' id='word_1_95' title='bbox 638 1050 671 1086; x_wconf 83' lang='lat' dir='ltr'><strong>ae</strong></span> <span class='ocrx_word' id='word_1_96' title='bbox 680 1035 756 1086; x_wconf 81' lang='lat' dir='ltr'><strong>saxis</strong></span> 
     </span>
     <span class='ocr_line' id='line_1_15' title="bbox 19 1102 756 1171; baseline -0.005 -15"><span class='ocrx_word' id='word_1_97' title='bbox 19 1105 74 1156; x_wconf 85' lang='lat' dir='ltr'><strong>ime</strong></span> <span class='ocrx_word' id='word_1_98' title='bbox 84 1104 313 1156; x_wconf 82' lang='lat' dir='ltr'><strong>vulnerabantur.</strong></span> <span class='ocrx_word' id='word_1_99' title='bbox 344 1104 397 1155; x_wconf 90' lang='lat' dir='ltr'><strong>Ubi</strong></span> <span class='ocrx_word' id='word_1_100' title='bbox 406 1105 521 1171; x_wconf 88' lang='lat' dir='ltr'><strong>propius</strong></span> <span class='ocrx_word' id='word_1_101' title='bbox 533 1104 621 1170; x_wconf 87' lang='lat' dir='ltr'><strong>ripam</strong></span> <span class='ocrx_word' id='word_1_102' title='bbox 634 1102 756 1155; x_wconf 83' lang='lat' dir='ltr'><strong>hostium</strong></span> 
     </span>
     <span class='ocr_line' id='line_1_16' title="bbox 19 1170 757 1240; baseline -0.005 -14"><span class='ocrx_word' id='word_1_103' title='bbox 19 1179 108 1236; x_wconf 85' lang='lat' dir='ltr'><strong>ssent,</strong></span> <span class='ocrx_word' id='word_1_104' title='bbox 129 1174 277 1225; x_wconf 87' lang='lat' dir='ltr'><strong>tormentis</strong></span> <span class='ocrx_word' id='word_1_105' title='bbox 293 1170 377 1225; x_wconf 84' lang='lat' dir='ltr'><strong>missa</strong></span> <span class='ocrx_word' id='word_1_106' title='bbox 394 1176 477 1225; x_wconf 87' lang='lat' dir='ltr'><strong>etiam</strong></span> <span class='ocrx_word' id='word_1_107' title='bbox 490 1174 526 1224; x_wconf 86' lang='lat' dir='ltr'><strong>ad</strong></span> <span class='ocrx_word' id='word_1_108' title='bbox 537 1173 651 1224; x_wconf 91' lang='lat' dir='ltr'><strong>ultimos</strong></span> <span class='ocrx_word' id='word_1_109' title='bbox 662 1187 757 1240; x_wconf 80' lang='lat' dir='ltr'><strong>perve-</strong></span> 
     </span>
     <span class='ocr_line' id='line_1_17' title="bbox 19 1240 758 1310; baseline -0.005 -14"><span class='ocrx_word' id='word_1_110' title='bbox 19 1249 76 1296; x_wconf 82' lang='lat' dir='ltr'><strong>ant.</strong></span> <span class='ocrx_word' id='word_1_111' title='bbox 95 1244 188 1295; x_wconf 91' lang='lat' dir='ltr'><strong>Multo</strong></span> <span class='ocrx_word' id='word_1_112' title='bbox 200 1244 325 1310; x_wconf 91' lang='lat' dir='ltr'><strong>pluribus</strong></span> <span class='ocrx_word' id='word_1_113' title='bbox 337 1258 371 1295; x_wconf 84' lang='lat' dir='ltr'><strong>eo</strong></span> <span class='ocrx_word' id='word_1_114' title='bbox 383 1241 427 1296; x_wconf 88' lang='lat' dir='ltr'><strong>die</strong></span> <span class='ocrx_word' id='word_1_115' title='bbox 440 1243 561 1305; x_wconf 87' lang='lat' dir='ltr'><strong>amissis,</strong></span> <span class='ocrx_word' id='word_1_116' title='bbox 573 1241 670 1294; x_wconf 81' lang='lat' dir='ltr'><strong>consul</strong></span> <span class='ocrx_word' id='word_1_117' title='bbox 682 1240 758 1309; x_wconf 90' lang='lat' dir='ltr'><strong>paul·</strong></span> 
     </span>
     <span class='ocr_line' id='line_1_18' title="bbox 19 1311 758 1380; baseline -0.003 -17"><span class='ocrx_word' id='word_1_118' title='bbox 19 1313 81 1364; x_wconf 82' lang='lat' dir='ltr'><strong>nius</strong></span> <span class='ocrx_word' id='word_1_119' title='bbox 94 1314 199 1380; x_wconf 84' lang='lat' dir='ltr'><strong>reecpit</strong></span> <span class='ocrx_word' id='word_1_120' title='bbox 209 1328 284 1372; x_wconf 87' lang='lat' dir='ltr'><strong>suos.</strong></span> <span class='ocrx_word' id='word_1_121' title='bbox 324 1314 422 1365; x_wconf 86' lang='lat' dir='ltr'><strong>Tertio</strong></span> <span class='ocrx_word' id='word_1_122' title='bbox 434 1313 479 1365; x_wconf 86' lang='lat' dir='ltr'><strong>dic</strong></span> <span class='ocrx_word' id='word_1_123' title='bbox 490 1312 599 1380; x_wconf 86' lang='lat' dir='ltr'><strong>proelio</strong></span> <span class='ocrx_word' id='word_1_124' title='bbox 611 1311 758 1373; x_wconf 78' lang='lat' dir='ltr'><strong>abstinuit,</strong></span> 
     </span>
     <span class='ocr_line' id='line_1_19' title="bbox 19 1381 811 1450; baseline 0 -16"><span class='ocrx_word' id='word_1_125' title='bbox 19 1397 103 1434; x_wconf 74' lang='lat' dir='ltr'><strong>’ossus</strong></span> <span class='ocrx_word' id='word_1_126' title='bbox 113 1382 149 1434; x_wconf 83' lang='lat' dir='ltr'><strong>au</strong></span> <span class='ocrx_word' id='word_1_127' title='bbox 159 1383 242 1439; x_wconf 81' lang='lat' dir='ltr'><strong>imam</strong></span> <span class='ocrx_word' id='word_1_128' title='bbox 254 1389 362 1449; x_wconf 83' lang='lat' dir='ltr'><strong>partem</strong></span> <span class='ocrx_word' id='word_1_129' title='bbox 375 1389 542 1446; x_wconf 86' lang='lat' dir='ltr'><strong>castrorum,</strong></span> <span class='ocrx_word' id='word_1_130' title='bbox 554 1382 641 1435; x_wconf 83' lang='lat' dir='ltr'><strong>veluti</strong></span> <span class='ocrx_word' id='word_1_131' title='bbox 651 1396 702 1450; x_wconf 81' lang='lat' dir='ltr'><strong>per</strong></span> <span class='ocrx_word' id='word_1_132' title='bbox 712 1381 759 1434; x_wconf 81' lang='lat' dir='ltr'><strong>(lc-</strong></span> <span class='ocrx_word' id='word_1_133' title='bbox 801 1410 811 1425; x_wconf 50' lang='grc' dir='ltr'><strong>κ</strong></span> 
     </span>
     <span class='ocr_line' id='line_1_20' title="bbox 19 1450 759 1506; baseline 0.001 -4"><span class='ocrx_word' id='word_1_134' title='bbox 19 1467 53 1502; x_wconf 81' lang='grc' dir='ltr'><strong>ιιι]</strong></span> <span class='ocrx_word' id='word_1_135' title='bbox 63 1453 91 1502; x_wconf 89' lang='lat' dir='ltr'><strong>in</strong></span> <span class='ocrx_word' id='word_1_136' title='bbox 101 1467 177 1502; x_wconf 80' lang='lat' dir='ltr'><strong>nnare</strong></span> <span class='ocrx_word' id='word_1_137' title='bbox 189 1451 334 1504; x_wconf 85' lang='lat' dir='ltr'><strong>brachium</strong></span> <span class='ocrx_word' id='word_1_138' title='bbox 345 1455 493 1504; x_wconf 83' lang='lat' dir='ltr'><strong>transitum</strong></span> <span class='ocrx_word' id='word_1_139' title='bbox 505 1458 673 1506; x_wconf 85' lang='lat' dir='ltr'><strong>tentaturus.</strong></span> <span class='ocrx_word' id='word_1_140' title='bbox 694 1450 759 1504; x_wconf 85' lang='lat' dir='ltr'><strong>Per-</strong></span> 
     </span>
    </p>
   </div>
   <div class='ocr_carea' id='block_1_3' title="bbox 18 1520 760 1588">
    <p class='ocr_par' dir='ltr' id='par_1_3' title="bbox 18 1520 760 1588">
     <span class='ocr_line' id='line_1_21' title="bbox 18 1520 760 1588; baseline -0.003 -16"><span class='ocrx_word' id='word_1_141' title='bbox 18 1556 27 1584; x_wconf 89' lang='lat'><strong>,</strong></span> <span class='ocrx_word' id='word_1_142' title='bbox 38 1521 113 1588; x_wconf 81' lang='lat' dir='ltr'><strong>quod</strong></span> <span class='ocrx_word' id='word_1_143' title='bbox 122 1522 151 1571; x_wconf 84' lang='lat' dir='ltr'><strong>in</strong></span> <span class='ocrx_word' id='word_1_144' title='bbox 162 1520 251 1571; x_wconf 78' lang='lat' dir='ltr'><strong>oculis</strong></span> <span class='ocrx_word' id='word_1_145' title='bbox 261 1527 330 1584; x_wconf 80' lang='lat' dir='ltr'><strong>erat,</strong></span> <span class='ocrx_word' id='word_1_146' title='bbox 343 1530 384 1585; x_wconf 83' lang='lat' dir='ltr'><strong>[id</strong></span> <span class='ocrx_word' id='word_1_147' title='bbox 392 1535 479 1574; x_wconf 80' lang='lat' dir='ltr'><strong>tantum</strong></span> <span class='ocrx_word' id='word_1_148' title='bbox 487 1533 597 1585; x_wconf 70' lang='lat' dir='ltr'><strong>cogitans,</strong></span> <span class='ocrx_word' id='word_1_149' title='bbox 608 1532 637 1573; x_wconf 75' lang='lat' dir='ltr'><strong>nul</strong></span> <span class='ocrx_word' id='word_1_150' title='bbox 646 1532 760 1585; x_wconf 82' lang='lat' dir='ltr'><strong>repollsn.</strong></span> 
     </span>
    </p>
   </div>
   <div class='ocr_carea' id='block_1_4' title="bbox 19 1588 786 2536">
    <p class='ocr_par' dir='ltr' id='par_1_4' title="bbox 19 1588 786 2536">
     <span class='ocr_line' id='line_1_22' title="bbox 19 1588 762 1687; baseline 0.004 -54"><span class='ocrx_word' id='word_1_151' title='bbox 19 1603 42 1633; x_wconf 81' lang='grc' dir='ltr'><strong>ιι</strong></span> <span class='ocrx_word' id='word_1_152' title='bbox 49 1595 114 1687; x_wconf 85' lang='lat' dir='ltr'><strong>psste</strong></span> <span class='ocrx_word' id='word_1_153' title='bbox 122 1588 208 1630; x_wconf 78' lang='lat' dir='ltr'><strong>hostem</strong></span> <span class='ocrx_word' id='word_1_154' title='bbox 218 1603 306 1631; x_wconf 84' lang='lat' dir='ltr'><strong>ornnem</strong></span> <span class='ocrx_word' id='word_1_155' title='bbox 315 1603 390 1634; x_wconf 81' lang='lat' dir='ltr'><strong>cursui</strong></span> <span class='ocrx_word' id='word_1_156' title='bbox 399 1593 544 1642; x_wconf 81' lang='lat' dir='ltr'><strong>intendebat,</strong></span> <span class='ocrx_word' id='word_1_157' title='bbox 562 1592 619 1635; x_wconf 83' lang='lat' dir='ltr'><strong>nibil</strong></span> <span class='ocrx_word' id='word_1_158' title='bbox 627 1593 689 1634; x_wconf 82' lang='lat' dir='ltr'><strong>aliud</strong></span> <span class='ocrx_word' id='word_1_159' title='bbox 698 1594 762 1636; x_wconf 89' lang='lat' dir='ltr'><strong>solli-</strong></span> 
     </span>
     <span class='ocr_line' id='line_1_23' title="bbox 19 1642 761 1691; baseline 0.007 -5"><span class='ocrx_word' id='word_1_160' title='bbox 19 1680 20 1686; x_wconf 73' lang='grc'>,</span> <span class='ocrx_word' id='word_1_161' title='bbox 63 1645 144 1687; x_wconf 86' lang='lat' dir='ltr'><strong>nterim</strong></span> <span class='ocrx_word' id='word_1_162' title='bbox 154 1646 181 1687; x_wconf 87' lang='lat' dir='ltr'><strong>P.</strong></span> <span class='ocrx_word' id='word_1_163' title='bbox 190 1642 275 1686; x_wconf 77' lang='lat' dir='ltr'><strong>Nasica</strong></span> <span class='ocrx_word' id='word_1_164' title='bbox 289 1659 339 1688; x_wconf 85' lang='lat' dir='ltr'><strong>cum</strong></span> <span class='ocrx_word' id='word_1_165' title='bbox 351 1648 462 1690; x_wconf 75' lang='lat' dir='ltr'><strong>attributa</strong></span> <span class='ocrx_word' id='word_1_166' title='bbox 470 1649 514 1690; x_wconf 86' lang='lat' dir='ltr'><strong>sibi</strong></span> <span class='ocrx_word' id='word_1_167' title='bbox 529 1660 597 1690; x_wconf 83' lang='lat' dir='ltr'><strong>msnu</strong></span> <span class='ocrx_word' id='word_1_168' title='bbox 609 1660 689 1690; x_wconf 84' lang='lat' dir='ltr'><strong>vorsus</strong></span> <span class='ocrx_word' id='word_1_169' title='bbox 699 1661 761 1691; x_wconf 77' lang='lat' dir='ltr'><strong>murs</strong></span> 
     </span>
     <span class='ocr_line' id='line_1_24' title="bbox 19 1701 762 1773; baseline -0.005 -29"><span class='ocrx_word' id='word_1_170' title='bbox 19 1701 91 1744; x_wconf 89' lang='lat' dir='ltr'><strong>eleum</strong></span> <span class='ocrx_word' id='word_1_171' title='bbox 101 1701 227 1755; x_wconf 84' lang='lat' dir='ltr'><strong>psofe&#39;otus,</strong></span> <span class='ocrx_word' id='word_1_172' title='bbox 245 1706 364 1756; x_wconf 80' lang='lat' dir='ltr'><strong>postquam</strong></span> <span class='ocrx_word' id='word_1_173' title='bbox 374 1716 401 1744; x_wconf 84' lang='lat' dir='ltr'><strong>eo</strong></span> <span class='ocrx_word' id='word_1_174' title='bbox 411 1704 523 1773; x_wconf 78' lang='lat' dir='ltr'><strong>pervenit,</strong></span> <span class='ocrx_word' id='word_1_175' title='bbox 541 1703 611 1744; x_wconf 87' lang='lat' dir='ltr'><strong>iussis</strong></span> <span class='ocrx_word' id='word_1_176' title='bbox 621 1715 715 1758; x_wconf 79' lang='lat' dir='ltr'><strong>corpora</strong></span> <span class='ocrx_word' id='word_1_177' title='bbox 724 1716 762 1744; x_wconf 86' lang='lat' dir='ltr'><strong>cn.</strong></span> 
     </span>
     <span class='ocr_line' id='line_1_25' title="bbox 19 1757 763 1814; baseline 0.005 -15"><span class='ocrx_word' id='word_1_178' title='bbox 19 1757 132 1805; x_wconf 82' lang='lat' dir='ltr'><strong>militibus,</strong></span> <span class='ocrx_word' id='word_1_179' title='bbox 143 1761 231 1799; x_wconf 83' lang='lat' dir='ltr'><strong>noctem</strong></span> <span class='ocrx_word' id='word_1_180' title='bbox 242 1759 392 1811; x_wconf 70' lang='lat' dir='ltr'><strong>exspectavit.</strong></span> <span class='ocrx_word' id='word_1_181' title='bbox 421 1757 477 1800; x_wconf 82' lang='lat' dir='ltr'><strong>l&#39;um</strong></span> <span class='ocrx_word' id='word_1_182' title='bbox 485 1770 539 1814; x_wconf 73' lang='lat' dir='ltr'><strong>vers</strong></span> <span class='ocrx_word' id='word_1_183' title='bbox 546 1759 646 1800; x_wconf 72' lang='lat' dir='ltr'><strong>consulis</strong></span> <span class='ocrx_word' id='word_1_184' title='bbox 656 1758 763 1803; x_wconf 69' lang='lat' dir='ltr'><strong>montisi·</strong></span> 
     </span>
     <span class='ocr_line' id='line_1_26' title="bbox 19 1813 762 1926; baseline 0.003 -15"><span class='ocrx_word' id='word_1_185' title='bbox 19 1813 762 1926; x_wconf 54' lang='lat' dir='ltr'><strong>intuituiinuitauit·:uiiuiiilltttiii</strong></span> 
     </span>
     <span class='ocr_line' id='line_1_27' title="bbox 219 1897 419 1919; baseline 0.01 -2"><span class='ocrx_word' id='word_1_186' title='bbox 219 1900 223 1909; x_wconf 77' lang='lat'><em>.</em></span> <span class='ocrx_word' id='word_1_187' title='bbox 251 1897 258 1917; x_wconf 85' lang='grc' dir='ltr'><strong>ι</strong></span> <span class='ocrx_word' id='word_1_188' title='bbox 413 1899 419 1919; x_wconf 87' lang='lat' dir='ltr'><strong>s</strong></span> 
     </span>
     <span class='ocr_line' id='line_1_28' title="bbox 19 1924 762 1981; baseline 0.004 -14"><span class='ocrx_word' id='word_1_189' title='bbox 19 1925 49 1967; x_wconf 87' lang='lat' dir='ltr'><strong>tio</strong></span> <span class='ocrx_word' id='word_1_190' title='bbox 59 1924 128 1967; x_wconf 79' lang='lat' dir='ltr'><strong>uncie.</strong></span> <span class='ocrx_word' id='word_1_191' title='bbox 159 1924 203 1967; x_wconf 86' lang='lat' dir='ltr'><strong>Ubi</strong></span> <span class='ocrx_word' id='word_1_192' title='bbox 217 1928 308 1967; x_wconf 80' lang='lat' dir='ltr'><strong>ventum</strong></span> <span class='ocrx_word' id='word_1_193' title='bbox 318 1924 346 1966; x_wconf 81' lang='lat' dir='ltr'><strong>sd</strong></span> <span class='ocrx_word' id='word_1_194' title='bbox 355 1930 464 1966; x_wconf 81' lang='lat' dir='ltr'><strong>summum</strong></span> <span class='ocrx_word' id='word_1_195' title='bbox 474 1938 580 1967; x_wconf 77' lang='lat' dir='ltr'><strong>cacumen</strong></span> <span class='ocrx_word' id='word_1_196' title='bbox 589 1930 636 1976; x_wconf 86' lang='lat' dir='ltr'><strong>est,</strong></span> <span class='ocrx_word' id='word_1_197' title='bbox 655 1928 714 1981; x_wconf 78' lang='lat' dir='ltr'><strong>quoti</strong></span> <span class='ocrx_word' id='word_1_198' title='bbox 723 1928 762 1970; x_wconf 79' lang='lat' dir='ltr'><strong>sle-</strong></span> 
     </span>
     <span class='ocr_line' id='line_1_29' title="bbox 20 1980 763 2034; baseline 0.004 -13"><span class='ocrx_word' id='word_1_199' title='bbox 20 1980 116 2034; x_wconf 82' lang='lat' dir='ltr'><strong>ssnplius</strong></span> <span class='ocrx_word' id='word_1_200' title='bbox 131 1980 205 2022; x_wconf 84' lang='lat' dir='ltr'><strong>stasliu</strong></span> <span class='ocrx_word' id='word_1_201' title='bbox 218 1980 243 2022; x_wconf 92' lang='lat' dir='ltr'><strong>in</strong></span> <span class='ocrx_word' id='word_1_202' title='bbox 255 1980 398 2023; x_wconf 79' lang='lat' dir='ltr'><strong>altitudinum</strong></span> <span class='ocrx_word' id='word_1_203' title='bbox 409 1981 520 2033; x_wconf 75' lang='lat' dir='ltr'><strong>assurgit,</strong></span> <span class='ocrx_word' id='word_1_204' title='bbox 535 1981 640 2034; x_wconf 73' lang='lat' dir='ltr'><strong>fatigatis</strong></span> <span class='ocrx_word' id='word_1_205' title='bbox 652 1984 763 2027; x_wconf 89' lang='lat' dir='ltr'><strong>militibus</strong></span> 
     </span>
     <span class='ocr_line' id='line_1_30' title="bbox 20 2034 763 2091; baseline 0.009 -16"><span class='ocrx_word' id='word_1_206' title='bbox 20 2035 45 2086; x_wconf 69' lang='lat' dir='ltr'><strong>isi</strong></span> <span class='ocrx_word' id='word_1_207' title='bbox 52 2035 162 2088; x_wconf 81' lang='lat' dir='ltr'><strong>requietis</strong></span> <span class='ocrx_word' id='word_1_208' title='bbox 172 2034 259 2091; x_wconf 29' lang='lat' dir='ltr'><strong>(latum.-</strong></span> <span class='ocrx_word' id='word_1_209' title='bbox 279 2036 328 2077; x_wconf 87' lang='lat' dir='ltr'><strong>lloc</strong></span> <span class='ocrx_word' id='word_1_210' title='bbox 337 2035 421 2087; x_wconf 78' lang='lat' dir='ltr'><strong>iugum,</strong></span> <span class='ocrx_word' id='word_1_211' title='bbox 428 2042 454 2078; x_wconf 93' lang='lat' dir='ltr'><strong>ut</strong></span> <span class='ocrx_word' id='word_1_212' title='bbox 462 2041 514 2079; x_wconf 80' lang='lat' dir='ltr'><strong>sente</strong></span> <span class='ocrx_word' id='word_1_213' title='bbox 525 2036 609 2079; x_wconf 79' lang='lat' dir='ltr'><strong>dietum</strong></span> <span class='ocrx_word' id='word_1_214' title='bbox 619 2043 661 2089; x_wconf 80' lang='lat' dir='ltr'><strong>est,</strong></span> <span class='ocrx_word' id='word_1_215' title='bbox 671 2039 763 2086; x_wconf 73' lang='lat' dir='ltr'><strong>llletlon.</strong></span> 
     </span>
     <span class='ocr_line' id='line_1_31' title="bbox 19 2088 763 2149; baseline 0.007 -17"><span class='ocrx_word' id='word_1_216' title='bbox 19 2091 118 2138; x_wconf 80' lang='lat' dir='ltr'><strong>istiasus,</strong></span> <span class='ocrx_word' id='word_1_217' title='bbox 132 2096 156 2131; x_wconf 90' lang='lat' dir='ltr'><strong>et</strong></span> <span class='ocrx_word' id='word_1_218' title='bbox 164 2088 299 2142; x_wconf 70' lang='lat' dir='ltr'><strong>Theogenes</strong></span> <span class='ocrx_word' id='word_1_219' title='bbox 307 2104 321 2133; x_wconf 83' lang='grc' dir='ltr'><strong>ι</strong></span> <span class='ocrx_word' id='word_1_220' title='bbox 329 2093 415 2134; x_wconf 87' lang='lat' dir='ltr'><strong>Perseo</strong></span> <span class='ocrx_word' id='word_1_221' title='bbox 424 2093 488 2134; x_wconf 85' lang='lat' dir='ltr'><strong>missi</strong></span> <span class='ocrx_word' id='word_1_222' title='bbox 497 2106 546 2135; x_wconf 85' lang='lat' dir='ltr'><strong>eum</strong></span> <span class='ocrx_word' id='word_1_223' title='bbox 557 2095 655 2149; x_wconf 85' lang='lat' dir='ltr'><strong>quinque</strong></span> <span class='ocrx_word' id='word_1_224' title='bbox 663 2097 763 2139; x_wconf 87' lang='lat' dir='ltr'><strong>millibus</strong></span> 
     </span>
     <span class='ocr_line' id='line_1_32' title="bbox 19 2144 763 2203; baseline 0.003 -14"><span class='ocrx_word' id='word_1_225' title='bbox 19 2146 109 2189; x_wconf 72' lang='lat' dir='ltr'><strong>itionum</strong></span> <span class='ocrx_word' id='word_1_226' title='bbox 126 2144 270 2189; x_wconf 82' lang='lat' dir='ltr'><strong>obtinebant:</strong></span> <span class='ocrx_word' id='word_1_227' title='bbox 287 2147 328 2188; x_wconf 84' lang='lat' dir='ltr'><strong>sed</strong></span> <span class='ocrx_word' id='word_1_228' title='bbox 344 2151 408 2190; x_wconf 81' lang='lat' dir='ltr'><strong>tants</strong></span> <span class='ocrx_word' id='word_1_229' title='bbox 426 2149 565 2201; x_wconf 73' lang='lat' dir='ltr'><strong>negligentia</strong></span> <span class='ocrx_word' id='word_1_230' title='bbox 583 2152 652 2203; x_wconf 70' lang='lat' dir='ltr'><strong>regiis</strong></span> <span class='ocrx_word' id='word_1_231' title='bbox 670 2152 763 2194; x_wconf 66' lang='lat' dir='ltr'><strong>ilicibus</strong></span> 
     </span>
     <span class='ocr_line' id='line_1_33' title="bbox 19 2200 764 2261; baseline 0.004 -17"><span class='ocrx_word' id='word_1_232' title='bbox 19 2234 21 2247; x_wconf 74' lang='grc'><strong><em>,</em></strong></span> <span class='ocrx_word' id='word_1_233' title='bbox 38 2206 65 2244; x_wconf 89' lang='lat' dir='ltr'><strong>nt</strong></span> <span class='ocrx_word' id='word_1_234' title='bbox 74 2213 139 2242; x_wconf 84' lang='lat' dir='ltr'><strong>nemo</strong></span> <span class='ocrx_word' id='word_1_235' title='bbox 148 2200 270 2244; x_wconf 75' lang='lat' dir='ltr'><strong>adventare</strong></span> <span class='ocrx_word' id='word_1_236' title='bbox 279 2203 394 2245; x_wconf 81' lang='lat' dir='ltr'><strong>Romanos</strong></span> <span class='ocrx_word' id='word_1_237' title='bbox 404 2205 511 2247; x_wconf 84' lang='lat' dir='ltr'><strong>senserit.</strong></span> <span class='ocrx_word' id='word_1_238' title='bbox 540 2204 633 2261; x_wconf 82' lang='lat' dir='ltr'><strong>sopitos</strong></span> <span class='ocrx_word' id='word_1_239' title='bbox 643 2219 764 2258; x_wconf 67' lang='lat' dir='ltr'><strong>eggressus</strong></span> 
     </span>
     <span class='ocr_line' id='line_1_34' title="bbox 19 2256 764 2318; baseline 0.004 -18"><span class='ocrx_word' id='word_1_240' title='bbox 19 2270 44 2300; x_wconf 80' lang='lat' dir='ltr'><strong>ra</strong></span> <span class='ocrx_word' id='word_1_241' title='bbox 58 2256 85 2298; x_wconf 76' lang='lat' dir='ltr'><strong>ua</strong></span> <span class='ocrx_word' id='word_1_242' title='bbox 100 2256 152 2308; x_wconf 74' lang='lat' dir='ltr'><strong>iugo</strong></span> <span class='ocrx_word' id='word_1_243' title='bbox 166 2256 234 2300; x_wconf 74' lang='lat' dir='ltr'><strong>faula</strong></span> <span class='ocrx_word' id='word_1_244' title='bbox 244 2258 339 2308; x_wconf 80' lang='lat' dir='ltr'><strong>deiecit,</strong></span> <span class='ocrx_word' id='word_1_245' title='bbox 356 2261 375 2301; x_wconf 91' lang='lat' dir='ltr'><strong>si</strong></span> <span class='ocrx_word' id='word_1_246' title='bbox 385 2261 482 2314; x_wconf 85' lang='lat' dir='ltr'><strong>Polybio</strong></span> <span class='ocrx_word' id='word_1_247' title='bbox 491 2261 561 2305; x_wconf 82' lang='lat' dir='ltr'><strong>fides.</strong></span> <span class='ocrx_word' id='word_1_248' title='bbox 586 2261 640 2318; x_wconf 87' lang='lat' dir='ltr'><strong>Ipse</strong></span> <span class='ocrx_word' id='word_1_249' title='bbox 648 2264 708 2305; x_wconf 89' lang='lat' dir='ltr'><strong>enim</strong></span> <span class='ocrx_word' id='word_1_250' title='bbox 717 2262 764 2304; x_wconf 83' lang='lat' dir='ltr'><strong>Ns-</strong></span> 
     </span>
     <span class='ocr_line' id='line_1_35' title="bbox 30 2312 763 2368; baseline 0.003 -12"><span class='ocrx_word' id='word_1_251' title='bbox 30 2314 55 2356; x_wconf 85' lang='lat' dir='ltr'><strong>in</strong></span> <span class='ocrx_word' id='word_1_252' title='bbox 73 2313 172 2368; x_wconf 79' lang='lat' dir='ltr'><strong>epistola</strong></span> <span class='ocrx_word' id='word_1_253' title='bbox 192 2312 221 2355; x_wconf 76' lang='lat' dir='ltr'><strong>sti</strong></span> <span class='ocrx_word' id='word_1_254' title='bbox 239 2313 270 2356; x_wconf 81' lang='lat' dir='ltr'><strong>ali</strong></span> <span class='ocrx_word' id='word_1_255' title='bbox 286 2327 338 2356; x_wconf 90' lang='lat' dir='ltr'><strong>uem</strong></span> <span class='ocrx_word' id='word_1_256' title='bbox 353 2327 431 2367; x_wconf 73' lang='lat' dir='ltr'><strong>regum</strong></span> <span class='ocrx_word' id='word_1_257' title='bbox 447 2317 513 2368; x_wconf 74' lang='lat' dir='ltr'><strong>longe</strong></span> <span class='ocrx_word' id='word_1_258' title='bbox 531 2318 599 2360; x_wconf 77' lang='lat' dir='ltr'><strong>aliter</strong></span> <span class='ocrx_word' id='word_1_259' title='bbox 614 2331 662 2359; x_wconf 84' lang='lat' dir='ltr'><strong>rem</strong></span> <span class='ocrx_word' id='word_1_260' title='bbox 678 2324 763 2360; x_wconf 81' lang='lat' dir='ltr'><strong>narrat.</strong></span> 
     </span>
     <span class='ocr_line' id='line_1_36' title="bbox 19 2328 764 2428; baseline 0.001 -16"><span class='ocrx_word' id='word_1_261' title='bbox 19 2375 64 2412; x_wconf 85' lang='lat' dir='ltr'><strong>tem</strong></span> <span class='ocrx_word' id='word_1_262' title='bbox 72 2371 148 2411; x_wconf 72' lang='lat' dir='ltr'><strong>ardiso</strong></span> <span class='ocrx_word' id='word_1_263' title='bbox 157 2328 349 2428; x_wconf 70' lang='lat' dir='ltr'><strong>ascmsnsliim‚</strong></span> <span class='ocrx_word' id='word_1_264' title='bbox 358 2373 398 2413; x_wconf 79' lang='lat' dir='ltr'><strong>sed</strong></span> <span class='ocrx_word' id='word_1_265' title='bbox 405 2371 587 2421; x_wconf 78' lang='lat' dir='ltr'><strong>incustoditum,</strong></span> <span class='ocrx_word' id='word_1_266' title='bbox 594 2372 633 2416; x_wconf 85' lang='lat' dir='ltr'><strong>ita</strong></span> <span class='ocrx_word' id='word_1_267' title='bbox 641 2378 668 2415; x_wconf 83' lang='lat' dir='ltr'><strong>ut</strong></span> <span class='ocrx_word' id='word_1_268' title='bbox 676 2376 764 2415; x_wconf 67' lang='lat' dir='ltr'><strong>ercitum</strong></span> 
     </span>
     <span class='ocr_line' id='line_1_37' title="bbox 19 2424 766 2484; baseline -0.001 -17"><span class='ocrx_word' id='word_1_269' title='bbox 19 2439 75 2481; x_wconf 86' lang='lat' dir='ltr'><strong>pare</strong></span> <span class='ocrx_word' id='word_1_270' title='bbox 82 2426 149 2467; x_wconf 75' lang='lat' dir='ltr'><strong>nullo</strong></span> <span class='ocrx_word' id='word_1_271' title='bbox 158 2425 253 2479; x_wconf 78' lang='lat' dir='ltr'><strong>negotio</strong></span> <span class='ocrx_word' id='word_1_272' title='bbox 259 2424 392 2482; x_wconf 77' lang='lat' dir='ltr'><strong>potuisset,</strong></span> <span class='ocrx_word' id='word_1_273' title='bbox 410 2426 461 2469; x_wconf 80' lang='lat' dir='ltr'><strong>nisi</strong></span> <span class='ocrx_word' id='word_1_274' title='bbox 469 2427 602 2483; x_wconf 75' lang='lat' dir='ltr'><strong>transfugo</strong></span> <span class='ocrx_word' id='word_1_275' title='bbox 612 2427 726 2469; x_wconf 76' lang='lat' dir='ltr'><strong>Cretensis</strong></span> <span class='ocrx_word' id='word_1_276' title='bbox 736 2440 766 2484; x_wconf 64' lang='lat' dir='ltr'><strong>cae</strong></span> 
     </span>
     <span class='ocr_line' id='line_1_38' title="bbox 19 2481 786 2536; baseline -0.017 -12"><span class='ocrx_word' id='word_1_277' title='bbox 19 2494 67 2536; x_wconf 69' lang='lat' dir='ltr'><strong>psus</strong></span> <span class='ocrx_word' id='word_1_278' title='bbox 78 2493 155 2523; x_wconf 79' lang='lat' dir='ltr'><strong>secum</strong></span> <span class='ocrx_word' id='word_1_279' title='bbox 164 2481 268 2530; x_wconf 76' lang='lat' dir='ltr'><strong>ducebat,</strong></span> <span class='ocrx_word' id='word_1_280' title='bbox 277 2485 311 2525; x_wconf 74' lang='lat' dir='ltr'><strong>att</strong></span> <span class='ocrx_word' id='word_1_281' title='bbox 316 2481 401 2525; x_wconf 74' lang='lat' dir='ltr'><strong>Persea</strong></span> <span class='ocrx_word' id='word_1_282' title='bbox 409 2482 567 2528; x_wconf 74' lang='lat' dir='ltr'><strong>cucurrisset,</strong></span> <span class='ocrx_word' id='word_1_283' title='bbox 575 2492 680 2532; x_wconf 72' lang='lat' dir='ltr'><strong>cumque</strong></span> <span class='ocrx_word' id='word_1_284' title='bbox 687 2481 786 2517; x_wconf 67' lang='lat' dir='ltr'><strong>incusa-</strong></span> 
     </span>
    </p>
   </div>
   <div class='ocr_carea' id='block_1_5' title="bbox 19 2521 811 2650">
    <p class='ocr_par' dir='ltr' id='par_1_5' title="bbox 19 2521 811 2650">
     <span class='ocr_line' id='line_1_39' title="bbox 19 2521 809 2598; baseline -0.023 -19"><span class='ocrx_word' id='word_1_285' title='bbox 19 2536 71 2591; x_wconf 64' lang='lat' dir='ltr'><strong>que&#39;d</strong></span> <span class='ocrx_word' id='word_1_286' title='bbox 76 2541 192 2589; x_wconf 70' lang='lat' dir='ltr'><strong>afferetur.</strong></span> <span class='ocrx_word' id='word_1_287' title='bbox 223 2537 314 2593; x_wconf 78' lang='lat' dir='ltr'><strong>Regem</strong></span> <span class='ocrx_word' id='word_1_288' title='bbox 322 2538 406 2597; x_wconf 81' lang='lat' dir='ltr'><strong>ipsum</strong></span> <span class='ocrx_word' id='word_1_289' title='bbox 417 2538 517 2598; x_wconf 72' lang='lat' dir='ltr'><strong>quidem</strong></span> <span class='ocrx_word' id='word_1_290' title='bbox 525 2530 694 2594; x_wconf 56' lang='lat' dir='ltr'><strong>monsiestias</strong></span> <span class='ocrx_word' id='word_1_291' title='bbox 702 2521 809 2565; x_wconf 57' lang='lat' dir='ltr'><strong>enutrit,</strong></span> 
     </span>
     <span class='ocr_line' id='line_1_40' title="bbox 19 2569 811 2650; baseline -0.021 -16"><span class='ocrx_word' id='word_1_292' title='bbox 19 2590 151 2637; x_wconf 78' lang='lat' dir='ltr'><strong>u&#39;ss&#39;sseduo</strong></span> <span class='ocrx_word' id='word_1_293' title='bbox 160 2592 334 2650; x_wconf 80' lang='lat' dir='ltr'><strong>Macedonum,</strong></span> <span class='ocrx_word' id='word_1_294' title='bbox 340 2599 428 2647; x_wconf 42' lang='lat' dir='ltr'><strong>,decem</strong></span> <span class='ocrx_word' id='word_1_295' title='bbox 438 2589 621 2642; x_wconf 65' lang='lat' dir='ltr'><strong>auxiliarium</strong></span> <span class='ocrx_word' id='word_1_296' title='bbox 625 2569 811 2626; x_wconf 52' lang='lat' dir='ltr'><strong>quammultis</strong></span> 
     </span>
    </p>
   </div>
   <div class='ocr_carea' id='block_1_6' title="bbox 0 0 938 2994">
    <p class='ocr_par' dir='ltr' id='par_1_6' title="bbox 0 0 938 2994">
     <span class='ocr_line' id='line_1_41' title="bbox 0 0 938 2994; baseline 0 0"><span class='ocrx_word' id='word_1_297' title='bbox 0 0 938 2994; x_wconf 95' lang='lat' dir='ltr'><strong> </strong></span> 
     </span>
    </p>
   </div>
  </div>
 </body>
</html>
