1860 2994
69 39 96 411 ,

226 158 299 211 Lrs.
310 156 394 211 ΧΗ.
411 158 484 209 Csr.
495 154 584 211 10.11.
597 157 639 224 [U.
651 156 744 224 0575.
755 154 897 224 A.C.1s7.]

165 262 280 330 (quippo
290 261 338 328 qui
347 260 428 328 primi
438 262 492 328 ipsi
502 260 918 328 iufflssent)iactosset,ingessis

167 347 220 398 que
231 331 335 396 probra
345 330 384 382 M.
397 332 489 393 lunio,
510 331 582 397 qued
592 345 622 383 se
633 330 778 382 dedecoris
795 332 899 381 socium

166 401 249 466 lagae
260 399 383 463 fecisset,
394 400 429 450 ad
441 407 593 451 extremum
605 406 753 466 utrumque
763 399 898 452 decedere
909 414 926 466 p

165 470 259 520 cincio
268 469 358 519 iussit.
395 469 475 531 Quod
487 484 569 535 quum
580 470 693 521 illitum
708 470 831 521 consulis
852 469 927 535 impe

166 538 245 590 dicto
256 537 402 591 audientes
413 538 522 589 futuros
532 554 593 590 esse
604 540 744 600 dicerent,
763 554 845 605 quum
856 540 879 589 is
892 554 930 588 m:

165 607 320 671 maiorum,
340 608 490 659 secundum
510 614 577 659 voto
596 609 626 660 in
643 608 783 677 Capitolio
805 622 913 673 nuncup

165 692 228 728 cum
238 676 400 740 lictoribus,
421 676 570 744 paludatus
581 677 725 744 profectus
742 678 776 728 ub
794 678 862 728 orbe
881 693 923 730 ess

163 747 261 799 furens
273 747 326 808 ira,
338 751 467 797 vocatum
478 784 486 809 ,
506 746 554 814 qui
566 762 616 813 pro
629 754 778 814 quaestore
788 746 890 799 Manlii
901 761 916 796 e

163 820 278 867 catenas
289 819 433 883 poposcit,
443 818 550 867 vinctos
562 832 591 868 se
602 818 710 868 lunium
720 816 910 882 Manliumque
929 840 930 860 i

162 886 386 945 nitansRomam
405 886 563 937 missurum.
598 887 639 938 Ab
661 902 694 938 eo
715 901 826 954 quoquc
844 891 921 952 sprot

163 955 289 1033 coqsulis
299 954 445 1022 imperium
457 960 513 1005 est:
534 959 562 1006 et
573 954 754 1007 circumfusus
766 956 919 1017 exercitus,

162 1022 231 1078 reus
241 1025 446 1091 imperatorum
454 1038 565 1085 musae,
572 1030 599 1076 et
610 1024 717 1076 consuli
727 1023 908 1086 infestus,ani

163 1094 201 1148 ud
212 1109 269 1145 non
280 1092 433 1160 parendum
443 1092 573 1144 addebat.
604 1094 750 1145 Postremo
760 1092 896 1160 fatigatus
908 1109 922 1143 c

163 1159 209 1216 sul
219 1169 249 1215 ct
261 1161 440 1214 contumeliis
451 1162 635 1230 singulorum,
656 1169 686 1214 et
697 1161 884 1213 multitudinis
895 1164 924 1222 (n

162 1235 278 1300 insuper
289 1232 456 1294 irridebant)
467 1231 610 1294 ludibriis,
630 1246 701 1284 nave
713 1231 818 1291 eadem,
829 1245 883 1296 qua
892 1244 925 1281 ve

162 1309 220 1365 rat,
230 1302 387 1369 Aquileiam
398 1300 490 1353 rediit.
526 1302 592 1352 lude
603 1302 729 1369 collegae
738 1299 863 1366 scripsit,
882 1304 914 1349 ut

162 1372 250 1425 litum
260 1386 395 1423 novorum
406 1372 432 1424 ei
443 1372 531 1438 parti,
553 1373 739 1439 quae·scripta
748 1371 778 1421 in
789 1371 928 1434 latriamp

163 1440 285 1493 vinciam
296 1447 376 1500 esset,
388 1441 516 1501 ediceret,
536 1442 693 1504 Aquileiam
704 1445 736 1490 ut
747 1437 918 1502 conveniret3

165 1509 234 1579 quid
245 1523 275 1559 se
286 1510 391 1559 Romae
401 1512 522 1570 teneret,
535 1522 588 1575 quo
598 1510 702 1571 minus,
711 1508 786 1560 votis
796 1523 925 1574 nuncupa

166 1577 317 1647 paludatus
329 1580 363 1629 ab
374 1579 442 1630 urbe
453 1578 551 1630 exiret.
587 1578 666 1630 llaec
678 1579 802 1645 collegae
822 1579 926 1643 obsequ

166 1655 213 1700 ter
223 1648 307 1710 facta,
316 1648 461 1714 brevisque
472 1648 531 1698 dies
544 1646 578 1697 ad
589 1647 807 1699 conveniendum
819 1646 912 1698 edictu
928 1663 930 1689 ε

168 1717 303 1771 Claudius
319 1732 406 1784 prope
429 1722 593 1767 consecutus
612 1721 656 1768 est
677 1715 774 1767 literas
794 1730 868 1767 suus.

166 1790 249 1839 clone
260 1786 409 1838 adveniens
420 1786 453 1837 de
464 1786 571 1836 Manlio
583 1790 611 1835 et
620 1785 703 1835 lunio
713 1783 825 1843 habita,
835 1797 891 1832 non
900 1797 918 1830 u

167 1857 291 1908 triduum
304 1861 428 1907 moratus
440 1856 556 1917 Romae,
572 1853 735 1920 paludatus,
748 1867 809 1903 cum
820 1851 927 1902 lictori·

167 1926 296 1992 votisque
305 1927 334 1976 in
345 1926 485 1991 Capitolio
496 1925 671 1990 nuncupatis,
680 1924 708 1974 in
719 1921 905 1988 provinciam,

168 2011 222 2063 quc
232 2010 266 2047 ac
275 1995 360 2061 prius,
371 1994 519 2061 praecipiti
530 1994 673 2044 celeritate
683 1993 751 2045 abit.

220 2065 268 2116 Xl.
289 2064 364 2132 [15.]
381 2064 483 2115 Paucis
503 2069 566 2114 ante
584 2063 679 2115 diebus
691 2063 786 2113 lunius
797 2060 930 2112 Manlius·

169 2134 300 2201 oppidum
312 2133 483 2194 Nesactium,
491 2148 544 2200 quo
557 2149 586 2184 se
597 2132 736 2199 principes
746 2132 880 2185 istrorum
892 2136 920 2183 et

168 2203 251 2270 gulos
261 2203 323 2269 ipse
333 2203 438 2269 Aepulo
449 2208 600 2268 receperat,
613 2217 722 2253 summa
731 2202 760 2253 vi
771 2216 914 2269 oppugnar

64 2302 68 2341 ς
167 2274 211 2325 Eo
224 2273 358 2324 Claudius
369 2272 475 2323 duabus
486 2273 638 2339 legionibus
649 2272 727 2322 noris
739 2271 925 2331 adductis,ret

65 2358 68 2367 ·
169 2343 296 2394 exercitu
308 2356 369 2393 cum
382 2343 438 2391 suis
451 2342 566 2392 ducibus
577 2338 699 2402 dimisso,
710 2343 769 2406 ipse
781 2341 912 2408 oppidum

65 2420 69 2439 ¹
170 2412 322 2472 cumscdit,
344 2417 372 2463 et
382 2411 469 2461 vineis
480 2426 640 2479 oppugnare
656 2411 789 2463 intendit:
811 2424 930 2461 amnem*

169 2481 415 2547 praeterfluentem
427 2481 552 2541 moenia,
573 2479 620 2545 qui
637 2487 665 2530 et
679 2480 875 2546 impedimento
892 2491 926 2539 op

169 2551 319 2617 guantibus
330 2555 399 2610 erat,
409 2556 437 2600 et
447 2552 625 2615 aquationem
633 2549 714 2601 lstris
724 2548 900 2615 praebebat,

169 2627 264 2671 torum
284 2620 389 2671 dierum
407 2634 490 2687 opere
511 2628 664 2692 exceptum
685 2634 765 2672 nore
788 2615 875 2665 abaco
888 2621 924 2654 au

163 2688 261 2741 Esses
269 2690 408 2745 barbaros
416 2693 564 2752 miraculo
581 2696 696 2751 terruit
712 2685 852 2745 absc'xsae
867 2689 914 2738 sq
