1860 2994
107 114 138 164 12
245 116 277 165 Τ.
297 113 407 165 le'll
426 115 468 181 [U.
482 112 511 165 C.
524 113 582 168 566.
601 115 636 166 A.
647 115 676 166 C.
691 110 757 180 1864

105 229 236 290 quattuor
252 235 313 269 eum
330 220 415 268 sorvis
438 221 519 268 domo
542 225 701 283 exegerunt.
738 218 906 269 Adolescens

103 291 168 342 inde
180 289 214 338 ad
225 288 370 338 Aebutiam
381 302 411 338 se
424 288 536 338 amitam
548 284 677 350 contulit,
695 302 860 353 causamque
872 288 908 350 ei,

105 374 153 410 cur
164 363 264 409 casata
276 362 365 408 matre
376 357 491 418 ciectus,
503 357 640 408 narravit:
657 357 757 408 deinde
769 369 804 407 ex
813 363 908 408 aucto·

105 429 191 479 ritate
203 429 262 478 eius
274 433 386 490 postero
396 426 440 476 die
452 426 487 476 ad
504 426 648 476 consulem
658 424 844 486 Postumium,
866 441 910 477 ar-

104 498 185 549 bitris
197 497 321 557 remotis,
332 509 391 545 rem
403 494 511 545 detulit
523 494 625 545 Consul
637 501 700 560 post
711 495 784 545 diem
793 494 910 546 tertium

104 568 140 618 ad
151 582 181 617 se
192 566 296 616 iussum
309 564 401 615 redire
412 562 530 613 dimisit:
551 563 610 629 ipse
622 561 782 629 Sulpiciam,
793 578 908 630 gravem

102 635 250 696 feminam,
270 646 483 694 socrumsuam,
503 638 765 696 percunctatusest,
784 631 910 698 Ecquam

103 720 185 757 anam
195 703 338 755 Aebutiam
349 719 381 754 ex
393 699 526 753 Aventino
537 703 642 753 noaret?
653 705 743 765 Quum
754 717 812 753 eam
823 718 909 767 notae,

99 774 228 842 probola,
250 782 278 824 et
297 771 404 837 antiqui
425 769 507 822 maria
530 770 676 841 seminam,
703 771 908 838 reapondisset3

104 841 179 910 Opas
191 858 245 894 erte
256 841 308 903 eibi
318 857 350 893 ea
360 848 491 893 conventa
503 839 587 895 dixit:
606 840 729 892 nuttam
736 840 861 893 nuntiam
871 841 910 891 ad

102 929 176 975 cara,
191 922 223 963 at
232 912 344 964 veniret.
379 909 497 962 Aebutia
509 910 599 960 accita
610 911 645 961 ad
657 908 806 976 Sulpiciam
818 911 906 962 venit:

102 989 131 1033 et
142 982 239 1033 consul
250 982 344 1048 paullo
356 986 433 1046 post,
451 979 528 1030 velut
538 977 612 1031 forte
623 980 831 1041 intervenisset,
850 993 908 1030 rer·

102 1065 214 1103 monem
227 1052 260 1102 de
271 1050 390 1102 Aebutio
401 1049 498 1101 fratria
508 1051 568 1101 eiua
579 1049 637 1100 lilio
647 1049 742 1102 infert.
759 1048 907 1100 Lacrimae

101 1121 215 1172 mulieri
228 1120 353 1183 obortae,
364 1126 392 1171 et
403 1119 532 1171 miserari
542 1134 635 1170 casum
646 1117 832 1171 adolescentie
845 1131 907 1170 coe·

103 1192 158 1259 pit,
181 1191 227 1256 qui
237 1189 374 1256 spoliatos
386 1187 519 1250 fortunia,
539 1189 665 1254 aquibus
676 1190 787 1241 minima
798 1191 907 1253 oporte·

102 1266 156 1321 ret,
168 1260 240 1325 apud
251 1273 281 1309 se
292 1264 359 1308 tunc
369 1263 456 1320 essct,
467 1257 573 1309 ciectus
584 1273 601 1308 a
612 1264 708 1321 matre,
719 1258 792 1327 quod
802 1258 907 1324 probus

104 1330 267 1380 adolescens
276 1329 325 1391 (dii
336 1327 448 1394 propitii
462 1330 566 1391 essent)
578 1328 733 1394 obscoenis,
742 1335 775 1381 ut
783 1328 858 1381 fama
868 1340 910 1380 ea·

105 1404 158 1461 set,
170 1398 258 1448 sacris
268 1397 374 1447 initiari
389 1397 484 1449 nollet.

158 1467 217 1518 Xll.
237 1465 356 1518 Satisde
369 1467 488 1518 Aebutio
511 1466 684 1533 exploratum
705 1469 784 1517 ratus
804 1464 910 1526 conoul,

106 1550 162 1587 non
171 1551 271 1586 vanum
283 1543 426 1587 auctorem
438 1551 513 1597 esse,
525 1536 642 1588 dimisae
651 1536 782 1595 Aebutia,
800 1547 911 1584 socrum

105 1612 197 1672 rogat,
208 1611 239 1655 ut
249 1605 405 1672 Hispalam,
416 1605 539 1657 indidem
550 1620 586 1656 ex
595 1605 731 1657 Aventino
741 1603 912 1664 libertinam,

106 1691 163 1725 non
175 1676 299 1743 ignotam
312 1674 446 1736 viciniae,
467 1681 622 1727 arcesseret
637 1676 672 1726 ad
683 1691 757 1727 aeae:
777 1689 838 1726 cam
848 1685 914 1737 quo·

108 1760 162 1812 que
175 1760 235 1797 esse
246 1759 316 1811 quac
326 1745 500 1812 percunctari
510 1743 606 1794 vellet.
641 1742 682 1792 Ad
693 1744 772 1794 cuiue
786 1740 913 1790 nuntium

107 1816 272 1880 perturbata
282 1814 409 1879 Hispala,
420 1813 495 1878 quod
505 1812 540 1861 ad
551 1817 609 1861 tarn
620 1809 746 1880 nobilem
756 1814 785 1859 ct
799 1822 913 1875 gravem

108 1883 239 1933 feminam
251 1881 351 1946 ignara
359 1895 460 1931 causac
468 1884 668 1930 arcesseretur:
678 1884 826 1945 postquam
834 1876 914 1927 licto·

107 1965 153 2002 res
163 1953 192 1999 in
202 1950 340 2001 vestibulo
352 1949 517 2016 turbamque
527 1948 704 2000 consularem
725 1953 755 2001 et
773 1945 915 2000 consulem

107 2019 200 2085 ipsum
212 2021 370 2085 conspexit,
390 2031 477 2083 prope
493 2016 651 2068 exanimata
664 2023 716 2070 eat.
751 2017 783 2069 ln
799 2015 914 2067 interio-

107 2103 166 2140 rem
179 2096 284 2154 partem
296 2088 406 2139 aedium
418 2084 565 2136 abductam
577 2102 659 2137 socru
671 2087 799 2138 adhibita
805 2084 913 2149 consul,

110 2157 141 2207 ai
151 2174 215 2209 aera
226 2157 314 2208 dicere
324 2157 450 2208 inducere
461 2153 491 2208 iu
506 2153 626 2206 animam
638 2163 736 2222 portet,
746 2160 840 2223 negat,
850 2169 912 2221 per·

107 2226 216 2278 tartari
227 2226 329 2277 debere.
348 2223 375 2276 F
372 2224 442 2275 idem
452 2224 497 2277 ael
505 2238 523 2275 a
536 2222 669 2292 Sulpicia,
679 2224 733 2276 cati
744 2223 861 2307 semina,
871 2223 915 2274 acl

107 2295 142 2347 ab
153 2309 182 2345 ee
193 2295 335 2362 acciperet.
370 2293 554 2361 Expromeret
568 2294 634 2358 atat,
654 2310 723 2361 quae
742 2311 772 2345 aa
786 2295 846 2344 laco
857 2289 911 2342 sa.

106 2366 196 2417 mulae
206 2363 425 2417 Bacchanalibua
435 2363 463 2417 in
475 2380 553 2416 sacra
563 2373 698 2419 noemae
709 2365 825 2415 aalma
834 2359 912 2431 fieri.

0 2472 21 2501 ¹.
107 2435 171 2489 Hoc
182 2435 230 2486 ubi
245 2433 365 2494 audivit,
388 2439 484 2485 tantun
503 2440 770 2500 pavor-tremorque
789 2433 913 2503 omnium

107 2507 295 2558 membrorum
306 2504 449 2556 mulierem
463 2505 550 2571 cepit,
569 2505 661 2557 utdiu
670 2504 776 2556 hiscere
786 2516 841 2552 non
853 2514 914 2569 pos·

100 2583 167 2623 set:
188 2576 299 2629 tandem
312 2574 488 2637 confirmata,
511 2577 632 2643 puellam
642 2575 782 2627 admodum
792 2589 820 2625 aa
831 2567 914 2622 uacil-

81 2637 304 2698 hmebu'taatam
315 2659 381 2700 cum
390 2643 511 2714 domina,
526 2649 579 2703 ait:
602 2646 711 2719 aliquot
721 2643 917 2706 anemurum
