1860 2994
81 127 129 182 142
211 127 245 178 T.
264 123 372 175 LlVll
391 123 435 190 [U.
449 124 478 174 C.
492 123 549 189 576.
569 124 600 174 A.
613 121 643 174 C.
659 123 728 189 r7b·]

79 246 133 300 quo
146 230 215 280 duce
231 243 261 278 se
277 227 460 278 meminerant
478 240 567 291 nuper
587 224 623 274 ad
634 222 762 275 Scultenu

78 315 141 353 men
152 299 241 350 victos
253 295 431 364 fugatosque,
442 295 569 348 locorum
581 294 671 361 magis
684 309 762 360 praes

77 382 176 423 versus
186 365 338 418 infeliciter
347 371 493 432 expertam
504 366 568 426 vim,
587 379 670 431 quam
681 365 762 416 armis

79 434 201 500 temari,
221 436 291 489 duos
309 442 417 487 montes
427 435 529 487 Letum
546 439 575 485 et
584 433 724 486 Balistam
744 451 762 486 o

78 520 220 575 muroque
236 506 351 572 insuper
371 506 500 571 amplexi.
536 503 659 555 Tardius
672 519 707 555 ex
717 518 763 571 agr

79 581 195 648 grantes
207 576 334 642 oppressi
345 576 380 626 ad
391 575 468 626 mille
479 578 509 626 et
519 574 664 641 quingenti
673 575 762 640 perier

78 647 136 701 teri
145 646 287 697 montibus
299 660 329 696 se
339 645 484 707 tenebant,
495 648 540 705 et,
551 659 586 695 ne
596 643 626 693 in
638 650 715 695 metu
727 659 763 712 qu

78 713 762 781 ritatlsingenitaeobliti,saeviuntinpraedam,q

79 786 156 839 tinae
174 790 256 853 parta
271 790 340 837 erut.
377 785 509 850 Captivos
527 798 590 835 cum
610 781 696 836 foeda
715 785 762 836 lac

79 856 267 909 interficiunt:
286 868 388 921 pecore
402 854 441 904 in.
453 853 526 905 fanis
546 853 688 904 trucidant
708 856 762 906 veri

80 927 148 990 sim,
168 938 251 994 quam
269 925 325 977 rite
346 923 513 976 sacrificant.
548 921 652 974 Satiati
662 923 749 974 caede

80 996 161 1058 tium,
170 1010 242 1062 quae
252 993 376 1046 inanima
385 999 474 1058 erant,
495 992 650 1059 parictibus
662 991 762 1061 affligur

81 1065 173 1120 omnis
183 1065 297 1133 generis
307 1067 369 1116 usui
381 1065 485 1132 magis,
506 1078 586 1129 quam
603 1069 762 1115 ornamento

82 1135 167 1200 ciem',
187 1135 271 1187 facta.
308 1132 602 1196 Q.Petillius·conaul,
622 1149 656 1184 ne
667 1134 762 1185 absent

82 1205 243 1267 bellaretur,
255 1204 353 1257 literas
365 1205 400 1255 ad
412 1206 441 1256 C.
454 1201 599 1255 Claudium
611 1204 703 1266 misit,
724 1208 756 1254 ut

82 1275 173 1330 ercitu
183 1274 219 1325 ad
235 1289 266 1325 se
279 1274 309 1323 iu
320 1273 441 1325 Galliam
462 1272 582 1324 veniret:
604 1275 711 1342 campis
732 1274 762 1324 Μ

81 1359 145 1396 eum
157 1347 392 1408 exspectaturum.
427 1342 534 1395 Literis
546 1345 680 1410 acceptis,
703 1344 762 1396 Glar

80 1413 231 1479 Liguribus
247 1416 341 1462 castra
362 1412 462 1474 movit,
482 1414 693 1480 exercitumque
716 1415 750 1466 ad

81 1482 194 1534 Macros
206 1480 313 1532 consuli
323 1481 449 1532 tradidit.
485 1483 592 1535 Eodem
607 1485 704 1550 paucis
716 1499 762 1550 pos

81 1552 110 1604 C.
121 1547 252 1600 Valerius
270 1551 368 1602 consul
383 1551 456 1604 alter
470 1555 556 1605 venit.
591 1555 647 1616 lbi,
670 1555 762 1606 divisis

79 1620 242 1689 priusquam
254 1619 479 1688 digrederentur,
491 1626 677 1676 communiter
689 1624 762 1675 amb(

80 1698 128 1741 tus
138 1690 337 1743 lustraverunt.
374 1693 445 1744 Tum
458 1695 569 1758 sortiti,
591 1695 722 1763 quianon
734 1695 762 1745 al

80 1767 230 1827 utrumque
240 1768 319 1827 parte
332 1763 449 1830 aggredi
466 1763 574 1817 hostem
596 1765 737 1830 placebat,
758 1779 762 1812 r

60 1846 151 1898 quas
171 1837 307 1898 peterent
344 1834 489 1885 Valerium
506 1833 649 1899 auspicato
669 1833 762 1880 sortiti

80 1901 189 1961 stabat,
211 1899 284 1964 quod
294 1901 324 1952 in
334 1901 439 1968 templo
451 1900 563 1952 fuisset:
585 1901 613 1950 in
634 1898 746 1949 Petillio

80 1969 198 2029 factum,
218 1973 318 2033 postea
333 1984 454 2037 augures
471 1968 686 2035 responderunt,
710 1983 762 2034 quo

77 2036 214 2103 templum
224 2043 329 2090 sortem
340 2041 368 2089 in
379 2038 501 2089 sitellam
513 2038 543 2088 in
558 2037 691 2102 templum
708 2038 762 2090 lata

78 2107 138 2173 ipse
148 2107 283 2171 posuerit.
320 2106 444 2159 Profecti
461 2107 526 2159 iude
548 2108 578 2158 in
599 2107 725 2160 diversas
746 2126 761 2161 r

78 2175 207 2228 Petillius
217 2174 352 2227 adversus
365 2175 489 2228 Balistae
499 2182 529 2230 et
539 2177 605 2229 Leti
616 2180 723 2245 iugum,
743 2194 760 2245 q

78 2249 187 2298 montes
198 2250 334 2312 perpetuo
347 2245 430 2298 dorso
440 2247 515 2300 inter
523 2263 554 2300 se
565 2249 663 2316 iungit,
675 2256 762 2301 castra

79 2315 124 2369 lbi
133 2312 330 2367 adhortantem
342 2332 466 2385 cumpro
477 2319 610 2371 concione
622 2318 737 2383 milites,
743 2321 763 2372 ir

80 2400 139 2438 rem
150 2384 341 2453 ambiguitatis
351 2388 441 2451 verbi,
463 2389 618 2441 ominatum
629 2388 732 2452 ferunt,
755 2392 762 2439 i

79 2454 179 2508 Letum
191 2465 335 2524 capturum
345 2473 409 2510 eus.
434 2457 549 2512 Duabus
561 2461 643 2512 simul
656 2461 762 2528 partibu

79 2525 109 2578 iu
125 2525 258 2579 adversos
272 2534 381 2581 montes
400 2531 502 2597 coepit.
540 2530 582 2582 lia
601 2546 679 2597 pars,
700 2532 730 2581 in
751 2548 762 2598 q

73 2601 145 2657 erat,
154 2596 280 2665 impigre
288 2599 467 2652 succedebat.
485 2600 610 2653 Alteram
623 2600 718 2654 hostes
729 2617 762 2669 qu

49 2664 211 2734 perissent,
225 2675 259 2721 ut
265 2671 439 2730 restitueret
447 2687 510 2733 ram
523 2671 703 2735 inclinatam,
712 2686 762 2722 con
