1860 2994
58 119 110 169 sos
211 116 243 166 r.
264 106 707 181 L1v11[u.c5a1.a;c‚171.]
895 39 907 185 h

61 215 152 264 italici
163 214 270 279 generis
282 213 350 274 dati,
361 219 392 263 ut
402 210 505 263 Thebis
517 211 596 263 daret
609 217 767 279 operam,ut
777 213 805 263 in
816 227 863 281 po·
904 206 907 215 '

61 290 164 336 testato
175 282 296 333 Boeotia
307 287 388 334 esset.

113 349 238 405 XLVlll.
256 352 312 403 llis
322 349 511 419 praeparatis,
532 364 687 417 quanquam
701 348 739 401 ad
757 349 865 404 bellum

63 420 180 475 consilia
191 427 271 473 erant
281 420 433 482 destinata,
445 427 570 471 senatum
581 425 676 472 tamen
686 419 817 486 praeberi
826 420 867 474 le·

62 493 135 559 gatis
145 490 260 557 placuit.
283 489 390 542 Eadem
400 487 468 551 lere,
479 488 588 555 quaein
600 489 742 557 colloquio
753 490 789 541 ab
799 504 865 558 rege
903 490 911 529 -ἰ

62 562 140 611 dicta
151 565 245 623 erant,
266 559 358 611 relata
372 560 407 610 ab
423 559 535 626 legatis.
568 559 735 611 insidiarum
745 558 866 611 Eumeni

62 630 199 681 factarum
210 631 324 691 crimen,
335 637 364 681 et
375 627 496 679 maxima
507 643 586 692 cura,
605 634 635 681 et
645 629 760 681 minime
771 635 866 681 tomen
897 636 901 653 '

60 699 255 768 probabiliter,
275 697 441 762 (manifesta
460 698 534 749 enim
553 712 598 749 res
620 700 692 761 erat)
714 697 865 750 defensum.

61 771 161 822 Cetera
173 768 333 835 deprecatio
345 773 419 820 erat:
437 765 486 818 sed
496 781 551 818 non
560 767 597 818 iis
608 767 707 818 animis
718 767 868 820 audieban-

60 846 115 902 tur,
128 840 174 906 qui
186 844 234 890 aut
245 839 348 903 doceri,
360 843 408 890 aut
417 836 494 889 flecti
505 842 628 904 possent.
655 836 867 901 Denuntiatum,
912 788 916 901 ι

62 908 203 975 extemplo
215 909 359 960 moenibus
368 907 446 960 urbis
455 907 569 969 Romae,
581 906 666 959 ltalia
673 907 748 959 intra
757 907 868 976 trigesi-
914 922 917 959 τ

61 993 137 1030 mum
152 979 227 1031 diem
246 979 421 1032 excederent.
457 977 488 1029 P.
498 977 607 1029 Licinio
629 976 728 1030 deinde
749 976 867 1041 consuli,

63 1050 110 1101 cui
120 1048 286 1102 Macedonia
297 1048 441 1116 provincia
452 1049 612 1110 obvenerat,
622 1047 827 1111 denuntiatum,
836 1050 869 1096 ut
916 1024 922 1351 p

63 1118 202 1172 exercitui
211 1119 286 1172 diem
295 1122 414 1187 primam
431 1134 568 1186 quamque
585 1118 693 1171 diceret
711 1117 748 1168 ad
769 1130 869 1169 conve·

62 1187 204 1243 rriendum.
224 1191 253 1242 C.
265 1190 413 1243 Lucretius
424 1196 549 1256 praetor,
562 1188 607 1238 cui
618 1187 716 1239 classis
726 1186 870 1253 provincie

65 1266 141 1322 erat,
161 1274 223 1311 cunr
236 1260 421 1326 quadraginta
431 1258 674 1325 quinqueremibus
685 1257 720 1308 ab
728 1258 797 1309 urhe
808 1270 870 1324 pro·

64 1329 169 1384 fectus:
186 1345 251 1380 nam
262 1344 298 1381 ex
308 1328 424 1382 refectis
434 1328 550 1379 navibus
562 1327 632 1378 alias
643 1327 673 1378 in
689 1326 774 1379 alium
790 1338 869 1377 usum

65 1399 182 1451 retineri
197 1398 233 1449 ad
248 1398 343 1449 urbem
360 1396 474 1463 placuit.
511 1395 691 1448 Praemissus
704 1410 723 1449 a
739 1402 870 1464 praetore

67 1474 110 1521 est
121 1467 209 1518 frater
219 1468 258 1518 M.
269 1466 417 1518 Lucretius
440 1481 501 1517 cunr
523 1467 714 1534 quinqueremi
730 1480 799 1516 nna:
817 1465 872 1517 ius·

66 1551 178 1601 susque,
189 1535 223 1587 ab
234 1535 320 1587 sociis
332 1551 367 1588 ex
378 1535 493 1588 loedere
503 1538 625 1604 acceptis
636 1536 764 1598 navibus,
776 1534 813 1587 ad
824 1536 873 1587 Ce-

67 1605 237 1675 phalleniam
258 1605 343 1657 classi
365 1622 521 1659 occurrere.
556 1606 741 1675 Atheginis
762 1602 873 1658 triremi

67 1691 132 1740 una,
143 1675 177 1726 ab
190 1676 289 1728 Locris
300 1675 416 1740 duabus,
427 1677 462 1729 ab
473 1677 596 1731 Uritibus
608 1685 749 1745 quattuor,
761 1680 874 1742 praeter

69 1747 258 1800 oramltaliae
278 1755 459 1815 supervectus
470 1748 618 1801 Calabriae
638 1754 792 1799 extremum
813 1758 874 1814 pro·

68 1818 239 1870 montorium
248 1817 279 1870 in
288 1819 368 1870 Ionio
379 1822 458 1881 mari,
470 1816 675 1885 Dyrrhachium
687 1813 801 1864 traiicit.
832 1815 874 1868 lbi

70 1889 166 1941 decem
180 1890 305 1956 ipsorum
317 1886 589 1954 Dyrrhachinorum,
611 1882 757 1935 duodecim
767 1880 876 1938 Issaeo.

68 1973 140 2020 rum,
160 1957 360 2024 quinquaginta
369 1962 501 2022 quattuor
512 1954 607 2006 Gentii
618 1952 693 2020 regis
704 1951 815 2003 lembos
827 1971 874 2011 na·

70 2033 141 2087 ctus,
160 2025 294 2077 simulans
304 2041 334 2077 se
345 2024 472 2085 credere,
493 2038 542 2074 eos
554 2023 584 2074 in
593 2037 673 2072 usum
683 2021 876 2075 Romanorum

71 2099 246 2161 comparatos
257 2109 326 2156 esse,
338 2095 465 2146 omnibus
477 2092 614 2155 abductis,
624 2093 669 2144 die
679 2092 876 2163 tertioCoroy-

69 2181 138 2226 ram,
150 2164 215 2215 inde
224 2165 353 2231 protinus
364 2165 393 2215 in
403 2161 610 2230 Cephalleniam
625 2162 742 2214 traiicit.
779 2164 809 2215 C.
821 2163 877 2215 Lu·

72 2234 175 2303 cretius
185 2242 298 2299 praetor
310 2235 345 2285 ab
358 2234 476 2300 Neapoli
487 2233 637 2301 profectus,
647 2237 779 2301 superato
790 2232 874 2297 freto,

72 2303 118 2355 die
139 2302 235 2368 quinto
255 2303 285 2354 in
305 2303 515 2372 Cephalleniam
534 2304 702 2356 transmisit.
737 2303 779 2354 lbi
793 2305 877 2357 stetit

72 2373 179 2435 classis,
190 2371 275 2424 simul
285 2377 444 2440 opperiens,
454 2379 487 2426 ut
497 2380 645 2427 terrestres
656 2372 756 2439 copiae
764 2374 877 2426 traiice-

71 2449 176 2506 rentur,
186 2442 278 2505 simul,
290 2445 485 2508 munerariae,
497 2460 531 2498 ex
541 2445 652 2514 agmine
662 2457 714 2496 suo
727 2458 777 2510 per
788 2443 868 2497 altor

74 2513 236 2578 dissipatae,
248 2522 491 2580 consequerentur.

126 2583 226 2635 XLlX.
245 2582 299 2634 Per
309 2582 359 2635 hos
369 2584 443 2638 forte
456 2587 516 2638 dies
528 2584 557 2637 P.
568 2583 690 2636 Licinius
702 2581 808 2642 consul,

61 2655 101 2704 tis
108 2653 138 2705 in
150 2655 296 2727 Capitolio
309 2659 495 2732 nuncupatis,
505 2655 660 2730 paludatus
667 2655 705 2706 ab
713 2654 772 2703 urb«
