1860 2994
68 293 103 347 22
218 294 252 345 r.
270 292 378 345 urvu
401 294 444 361 [u.
456 292 487 343 e.
498 291 555 344 aaa.
566 290 599 341 a.
613 290 721 365 araca

70 397 136 448 dum
150 398 274 463 legiones
294 397 378 449 ducit.
415 396 446 448 ld
464 410 571 463 quoque
582 393 655 446 baud
667 395 756 447 multo
768 400 878 454 maiore

71 468 222 519 certamine
241 468 328 533 cepit,
348 482 430 535 quam
450 472 554 517 castra:
576 465 639 526 sed,
661 464 726 515 dum
737 465 878 520 incautius

70 536 146 587 subit
158 550 264 598 muros,
278 537 351 588 ictus
364 552 399 590 ex
409 536 522 601 vulnere
533 540 596 601 post
607 534 666 586 dies
676 548 782 599 paucos
793 538 878 589 mori·

69 610 123 663 tur.
146 604 252 656 Litoris
265 606 299 658 de
310 612 401 659 morte
410 605 601 674 propraetoris
612 604 751 666 recitatis,
765 612 880 659 senatus

71 674 179 726 censuit
190 675 368 740 mltteadum,
387 679 433 745 qui
445 676 481 728 ad
493 676 589 726 Lunae
600 671 712 739 portum
723 674 753 724 G.
765 675 881 742 Calpur·

70 745 148 794 nium
160 751 319 810 praetorem
332 753 561 813 consequeretun
584 744 790 809 nuntiaretque,
802 760 881 797 sena·

70 819 130 864 tum
142 829 260 881 acquum
273 830 400 878 censere,
421 832 457 867 ne
469 816 536 867 sine
551 814 670 880 imperio
682 812 828 879 provincia
840 829 881 866 es·

71 887 124 944 set,
134 890 276 936 maturare
289 902 350 937 eum
362 886 510 951 proticisci.
536 884 644 944 Quarto
655 883 709 944 die,
720 883 768 948 qui
779 883 881 935 missus

71 956 146 1014 erat,
167 952 276 1004 Lunam
291 954 380 1006 venit:
402 953 499 1020 paucis
517 959 582 1004 ente
600 951 698 1003 diebus
714 952 882 1018 Calpurnius

70 1020 295 1090 prolectuserst.
329 1025 369 1075 Et
379 1023 408 1074 in
418 1023 553 1079 citeriore
562 1021 705 1087 Hispania
711 1019 745 1072 L.
755 1023 881 1075 Manlius

70 1089 211 1152 Acidinus,
223 1092 272 1158 qui
281 1094 378 1145 eodem
390 1099 527 1158 tempore,
541 1107 594 1159 quo
608 1092 637 1142 C.
648 1090 769 1155 Atinius,
780 1091 808 1142 in
819 1106 883 1159 pro·

70 1159 189 1211 riaciani
202 1161 357 1224 ie1·at,eum
369 1161 517 1214 Celtiberis
528 1163 588 1213 acie
600 1160 736 1212 conflixit.
771 1161 883 1214 Incerta

70 1231 192 1283 victoria
203 1231 356 1284 discessum
368 1239 420 1296 est,
438 1232 493 1283 nisi
504 1231 577 1299 quod
590 1230 727 1283 Celtiberi
739 1237 833 1283 eastra
842 1233 883 1283 in·

72 1299 107 1351 de
123 1306 206 1353 nocte
218 1306 348 1368 proxima
358 1307 516 1355 moverunt:
538 1301 669 1351 Romanis
686 1305 715 1351 ct
727 1296 793 1351 subs
804 1316 882 1367 sepe·

71 1369 172 1433 lioudi,
194 1379 223 1424 et
241 1373 334 1439 spolia
353 1373 463 1440 legendi
483 1385 518 1420 ex
531 1369 658 1420 hostibus
669 1375 795 1436 potestas
806 1370 901 1421 lacta'

72 1446 127 1492 est.
163 1440 273 1492 Paucos
285 1447 351 1507 pest
362 1441 432 1502 dies,
444 1442 551 1489 maiore
563 1444 662 1489 coacto
674 1441 810 1503 exercitu,
823 1438 884 1491 Cel-

71 1509 157 1559 tiberi
181 1508 217 1558 ad
237 1510 398 1577 calagurim
422 1506 555 1574 oppidum
579 1509 656 1559 ultro
681 1507 885 1561 lacessiverunt

73 1576 341 1644 proellollomanos.
358 1577 438 1627 Nihil
448 1576 579 1635 traditur,
590 1592 660 1640 quae
671 1591 757 1628 eausa
768 1593 883 1630 numero

74 1652 159 1696 aucto
170 1645 339 1696 infirmiores
351 1658 400 1695 eos
412 1642 522 1695 iecerit.
546 1641 678 1710 Superati
690 1647 799 1712 proelio
811 1654 884 1698 suat.

73 1715 115 1767 Ad
128 1714 274 1766 duodecim
286 1714 376 1764 millia
384 1710 529 1765 bominum
538 1728 628 1774 caesa,
643 1714 707 1781 plus
720 1715 774 1766 duo
787 1721 883 1782 eapte:

75 1790 103 1836 et
125 1786 225 1836 castris
246 1786 385 1836 Romanus
402 1785 521 1851 potitus:
542 1789 585 1845 et,
607 1782 662 1833 nisi
680 1798 825 1836 successor
838 1783 886 1835 ad·

74 1860 159 1907 ventu
170 1870 220 1907 suo
232 1853 398 1906 inhibuisset
409 1856 546 1922 impetum
555 1853 682 1913 victoris,
704 1855 813 1905 subacti
826 1854 886 1906 Cel·

74 1924 158 1976 tiberi
170 1925 272 1976 ferent.
309 1925 382 1976 Novi
402 1930 546 1993 praetores
556 1923 638 1975 ambo
654 1922 795 1973 exereitus
806 1923 834 1972 iu
846 1921 886 1972 bi·

75 1994 163 2046 berna
176 1996 360 2047 deduxerunt·

130 2063 218 2113 XXll.
229 2064 283 2113 Per
295 2078 343 2114 eos
356 2063 425 2115 dies.
437 2061 536 2128 quibus
547 2056 616 2108 haec
626 2071 661 2108 ex
670 2056 810 2124 Hispania
819 2074 886 2111 nun-

75 2131 147 2182 tiata
165 2137 241 2195 sunt,
262 2130 323 2181 ludi
339 2131 437 2181 'l'aurii
454 2144 505 2196 per
517 2126 634 2180 biduum
653 2126 721 2179 iacti
740 2128 886 2197 religionis

77 2215 172 2251 eausa,
208 2199 262 2253 Per
277 2200 338 2252 dies
355 2200 449 2251 decem
468 2203 619 2263 apparatos
637 2196 739 2250 deinde
753 2198 836 2250 ludos
846 2200 886 2251 M.

77 2269 208 2332 Fulvius,
230 2286 299 2338 quos
311 2274 427 2321 voverat
437 2266 566 2319 Aetolico
576 2265 665 2330 bello,
686 2268 763 2320 fecit.
800 2268 887 2322 Multi

78 2339 201 2390 artifices
223 2355 257 2391 ex
278 2339 400 2391 Graecia
418 2342 555 2390 venerunt
575 2335 691 2388 bonoria
712 2338 772 2388 eius
794 2353 886 2391 eausa.

78 2406 251 2460 athletarum
272 2424 383 2476 quoque
403 2412 545 2458 certamen
566 2412 624 2457 tum
645 2407 736 2473 primo
752 2407 886 2460 Romanis

79 2479 239 2544 spectaculo
249 2477 316 2541 fuit,
338 2484 367 2530 et
377 2477 490 2530 venatio
502 2475 567 2526 data
577 2476 688 2528 leonum
701 2483 729 2528 et
739 2476 887 2544 panthera·

78 2562 152 2611 rum3
175 2552 204 2598 et
219 2563 306 2615 prope
323 2546 404 2598 huius
416 2547 521 2598 saeculi
532 2547 614 2612 eopia
624 2561 657 2597 ae
667 2548 804 2599 varietate
816 2546 886 2598 ludi·

80 2632 156 2669 crum
167 2617 336 2668 celebratum
350 2624 400 2670 est.
428 2617 602 2669 Nouendiale
614 2616 713 2669 deinde
724 2633 834 2668 sacrum
847 2623 887 2670 te-

80 2687 155 2750 nuit,
176 2687 250 2754 quod
268 2688 297 2738 in
307 2687 408 2740 Piceno
420 2703 471 2755 per
480 2686 604 2739 triduum
613 2687 753 2754 lapidibus
765 2685 886 2753 pluerat,

77 2758 216 2822 ignesque
233 2758 369 2811 coelestes
387 2757 572 2810 multifariam
591 2757 647 2809 orti
662 2756 802 2808 adussisse
814 2771 885 2806 conr·

54 2821 188 2873 stlum‘um
203 2828 266 2878 leri
273 2828 376 2882 alilatu
394 2830 572 2885 vestimenta
581 2827 705 2883 maxime
720 2827 881 2877 dicebantur
