1860 2994
75 121 124 172 rae
223 122 255 170 r.
277 118 384 169 airu
407 118 731 185 [r.c.575.A.0.177.J

73 237 107 271 uc
119 227 177 270 tum
189 219 299 284 quidem
310 233 446 269 memores
457 218 546 283 pecie,
563 218 592 267 in
605 217 717 267 caedem
729 219 878 284 coniugum

74 305 108 340 ac
118 290 271 339 liberorum
287 289 375 351 versi3
399 287 496 349 etiam,
517 292 548 336 ut
568 286 726 352 spectaculo
748 284 878 339 hostibus

72 367 129 410 tam
141 357 253 408 foedum
264 355 373 408 facinus
389 362 477 419 esset,
499 356 592 421 palam
608 356 637 405 in
653 356 740 405 uraris
755 357 881 410 trucida·

72 435 117 478 tos
129 427 357 493 praecipitabant.
392 427 469 477 lntcr
479 425 561 475 simul
574 424 825 490 complorationem
837 424 882 480 fc·

73 495 209 548 minarum
230 510 444 562 puerorumque,
473 494 560 545 simul
579 493 728 545 nefandam
754 495 880 560 eaedem,

72 566 196 628 milites,
228 567 398 633 transgressi
418 579 541 626 murum,
572 563 705 630 oppidum
726 562 879 621 intrarunt.

72 637 157 687 Cuius
168 636 243 700 capti
253 635 402 686 tumultum
413 641 444 685 ut
459 650 494 685 ex
510 633 612 700 pavido
623 633 754 693 ,elamore
770 633 880 702 fugiam

72 706 143 756 tium
154 703 260 770 accepit
270 719 333 768 rex,
353 704 466 756 traiecit
475 702 551 755 ferro
564 707 660 770 peetus
667 739 676 765 ,
696 717 731 753 ne
741 703 822 754 vivus
835 720 881 757 ea·

72 781 197 840 peretur:
218 777 303 825 ceteri
315 774 398 840 capti,
409 779 456 825 aut
468 772 561 824 occisi.
579 774 643 824 Duo
654 769 754 825 deiude
765 773 880 840 oppida,
909 818 914 825 .

72 844 176 895 Mutila
188 848 217 894 et
228 844 355 906 Faveria,
366 844 395 894 vi
406 848 487 909 capta
499 847 527 894 et
538 841 641 894 deleta.
677 841 795 904 Praeda,
808 849 840 894 ut
848 843 879 896 iu

73 918 157 980 gente
169 913 256 979 inopi,
276 929 325 979 spe
335 913 425 964 maior
436 913 504 976 fuit,
525 918 553 963 et
565 913 653 963 omnis
665 911 803 963 militibus
815 928 881 964 con·

74 998 154 1034 cessa
165 987 216 1033 est.
244 981 372 1050 Quinque
383 982 474 1034 millia
485 982 606 1047 capitum
618 987 751 1033 sexcenta
760 983 880 1050 triginta

73 1051 128 1101 duo
139 1051 188 1102 sub
200 1065 303 1103 corona
313 1052 472 1104 venierunt:
484 1058 613 1104 auctores
624 1050 691 1103 belli
704 1050 790 1119 virgis
796 1052 880 1117 eaesi,

73 1127 103 1173 et
115 1121 207 1170 securi
218 1121 350 1187 percussi.
386 1123 471 1173 latria
482 1126 543 1173 tota
554 1121 638 1173 trium
651 1120 818 1187 oppidorum
833 1136 881 1174 ex·

73 1190 147 1241 eidio
160 1195 188 1242 ot
199 1197 290 1243 morte
300 1193 376 1260 regis
392 1197 492 1258 pacata
512 1196 567 1242 est:
589 1205 738 1257 omnesque
757 1190 881 1259 undique

72 1259 179 1325 populi,
192 1260 335 1313 obsidibus
346 1261 433 1321 datis,
452 1262 481 1310 in
493 1261 629 1312 ditionem
644 1265 786 1312 venerunt.
823 1261 881 1316 Sub

71 1330 166 1448 petrici
176 1331 259 1382 finem
269 1330 339 1383 belli
350 1330 424 1398 apud
434 1329 552 1400 Ligures
564 1330 684 1384 concilia
696 1329 815 1385 debello
832 1328 883 1385 ba·

95 1399 196 1450 ericoe
217 1405 256 1451 ta.

126 1469 185 1519 ΧΠ.
198 1413 284 1589 limi]
302 1469 348 1521 Ti.
359 1470 492 1522 Claudius
510 1471 672 1536 proconsul,
694 1469 742 1538 qui
764 1475 881 1537 praetor

72 1539 167 1606 priore
178 1553 249 1590 anno
276 1545 369 1602 uerat,
389 1557 450 1592 cum
462 1540 600 1607 praesidio
613 1541 733 1608 legionis
745 1541 827 1591 unius
837 1540 882 1591 Pi-

73 1609 111 1660 sis
123 1616 261 1675 praeerat.
299 1611 384 1662 Cuius
404 1611 496 1663 literis
518 1615 632 1662 senatus
653 1610 756 1661 certior
778 1609 882 1674 factus,

73 1695 120 1731 eas
132 1681 205 1746 ipsas
217 1681 313 1733 literas
330 1682 366 1734 ad
379 1683 408 1734 G.
421 1681 567 1734 Claudium
591 1684 667 1743 (nam
687 1680 762 1731 alter
783 1680 883 1733 consul

71 1751 129 1800 iam
141 1751 169 1800 in
180 1750 338 1804 Sardiniam
350 1754 513 1814 traiecerat)
537 1750 701 1803 deferendas
723 1757 832 1804 censet:
851 1755 882 1804 ot

73 1821 172 1871 adiicit
182 1821 334 1883 decretum,
348 1822 482 1886 Quoniam
493 1820 580 1873 istria
599 1820 743 1887 provincia
754 1821 882 1892 confecta

74 1898 152 1952 esset,
164 1890 188 1941 si
199 1891 224 1940 ei
234 1892 533 1952 videretar‚exereitum
544 1893 703 1943 traduceret
715 1890 880 1958 inLigurce.

72 1957 161 2011 Simul
176 1974 209 2009 ex
220 1959 311 2010 literis
322 1961 461 2021 consulis,
484 1976 551 2027 quas
563 1960 597 2011 de
607 1959 690 2012 rebus
700 1959 729 2010 in
741 1960 827 2012 lstria
835 1975 881 2028 ge·

74 2027 125 2078 stis
137 2027 300 2091 scripserat,
323 2028 351 2079 iu
362 2029 474 2080 biduum
498 2029 664 2096 snpplicatio
686 2029 808 2083 decreta.
844 2029 883 2082 m

73 2095 108 2147 ab
121 2095 211 2146 altero
222 2098 337 2150 consule
347 2100 392 2149 Ti.
404 2097 567 2165 Sempronio
580 2100 608 2150 in
621 2098 750 2151 Sardinia
770 2114 883 2167 prospe·

71 2180 103 2216 re
115 2179 158 2215 res
171 2170 260 2229 gesta.
296 2168 457 2233 Exercitum
469 2169 498 2219 iu
519 2185 618 2238 agrum
633 2167 787 2221 Sardorum
801 2169 883 2222 Ilien·

72 2234 144 2284 sium
163 2233 283 2286 induxit.
324 2236 489 2290 Balarorum
502 2254 603 2307 magna
615 2239 721 2292 auxilia
731 2239 882 2293 Iliensibus

72 2309 223 2354 venerant.-
251 2305 318 2356 Cum
335 2312 454 2374 utraque
476 2316 558 2376 gente
575 2309 661 2376 signis
684 2310 798 2361 collatis
819 2323 882 2360 coa·

72 2371 154 2423 flixit.
191 2371 260 2424 Furi
271 2374 415 2442 fugatique
426 2378 531 2440 hostes,
543 2379 699 2445 castrisque
710 2379 802 2431 exuti:
813 2378 883 2430 ‹liro-

75 2443 161 2493 decim
173 2443 264 2494 millia
275 2447 447 2498 armatorum
469 2464 558 2500 caesa.
594 2448 717 2501 Postero.
734 2449 780 2501 die
801 2462 881 2509 arma

75 2512 149 2562 loeta
161 2513 260 2564 itoniici
271 2514 301 2564 in
322 2528 452 2569 acervum
474 2519 555 2569 iussit
579 2519 881 2585 consensurumque

63 2581 99 2628 id
115 2583 238 2634 Vulcano
250 2587 393 2640 cremarit.
431 2586 575 2638 Victorem
586 2588 736 2640 exereitum
748 2590 777 2639 in
790 2586 882 2638 biber·
912 2584 917 2600 '

50 2659 88 2693 na
99 2653 247 2706 sociarum
260 2659 376 2715 urbium
388 2658 515 2716 reduxit.
549 2657 591 2710 m
600 2659 634 2709 S.
643 2656 891 2718 blandius,ixter'xs
