1860 2994
105 119 179 170 Ltu.
189 118 274 173 XLV.
285 120 358 172 Cer.
368 119 412 172 22.
422 118 464 172 23.
477 118 519 186 [U.
528 117 779 185 e.585.A.c.167.]
809 119 860 173 335

53 216 131 269 Haec
142 232 194 268 non
201 217 342 284 gloriandi
352 232 435 268 eausa
446 216 537 278 retuli,
558 217 736 283 (nequeenim
747 235 779 270 ea
789 235 861 270 nosrta

48 294 149 339 nostra
161 293 201 337 est
205 286 341 357 fortuna)
353 287 399 337 sed
407 294 438 337 ut
449 288 630 347 admonerem,
640 288 861 353 quemadmodum

52 355 185 407 adiuuare
196 357 281 409 socios
297 358 413 408 solerent
423 355 532 407 Rleodii.

110 424 210 476 xxm.
232 425 378 487 Praemia,
402 424 529 493 Philippo
545 436 572 478 et
588 423 721 477 Antiocho
740 426 861 489 devietis,

56 493 223 560 amplissima
233 493 382 559 accepimus
393 512 410 547 a
421 496 503 548 robis.
542 496 586 559 Si,
606 512 675 563 quae
689 504 780 547 oestro
792 512 862 548 nune

56 562 224 635 estfisrtuua
235 565 313 616 desem
324 564 493 635 benignitate
504 575 531 617 et
541 566 750 627 uirtuteaestrm
757 582 788 616 ea
795 566 863 616 Per·

12 654 17 681 ι
56 632 97 687 sei
106 632 223 703 suimet,
238 643 266 686 et
272 636 397 702 praemia
405 635 523 703 petitum
534 635 571 686 ad
579 635 708 688 uiatorem
720 650 811 705 regens
822 650 864 685 ae·

12 728 17 755 t
56 702 184 757 nisssmus
194 703 223 756 ia
235 703 435 766 Macedoniam,
446 703 511 773 quid
521 704 628 755 tandem
638 705 801 757 diceremus?
811 703 864 755 Pe·

12 798 16 829 s
58 769 201 827 amissura
213 773 289 825 nolis
299 774 436 834 adiutum,
458 790 495 825 an
504 772 665 843 frumento!
686 773 798 826 auxiliis
811 782 863 824 ser·

11 866 17 897 ι
57 841 203 904 nutritus,
223 859 259 893 an
278 842 438 895 navalibus!
460 842 532 909 quod
576 842 724 895 raesilium
746 842 864 895 tenuisse

11 910 17 969 k
56 912 123 967 ssosl
142 909 189 961 uli
197 925 331 978 pugnasse
342 921 392 962 aut
402 911 450 962 sul
460 911 535 963 illius
563 910 670 973 uellus,
692 919 863 979 autpertum

11 996 16 1027 ÷
56 979 148 1049 ipsos?
169 978 201 1028 Si
212 989 367 1044 quaereret,
384 980 431 1032 uli
440 980 514 1032 miles
526 990 631 1042 noster,
643 979 691 1033 uli
700 982 776 1040 naris
786 980 863 1033 intra

56 1046 198 1118 praesidia
207 1063 257 1099 sua
263 1048 390 1119 fuisset,·
410 1049 476 1117 quid
484 1051 721 1116 responderemus?
747 1050 865 1102 Causam

52 1120 176 1192 fortasse
186 1117 336 1170 diceremus
343 1120 417 1186 aqud
424 1118 561 1183 rictorem,
566 1119 786 1189 quemadmodum
792 1119 868 1185 apud

57 1205 104 1241 eos
120 1187 242 1239 dicimus.
277 1187 338 1241 Hae
356 1188 425 1240 enim
440 1191 545 1258 legatae
561 1198 677 1256 utroque
688 1190 719 1240 de
727 1205 796 1256 paee
806 1187 865 1239 mit·

59 1259 140 1312 lenda
151 1257 290 1310 aossseessti
298 1267 433 1321 sumus,sst
443 1276 477 1311 ne
487 1258 644 1327 aiutraqsse
653 1268 733 1325 parte
740 1258 865 1328 gratiam

58 1324 188 1382 iniremus
193 1344 205 1389 ,·
224 1327 258 1379 ab
269 1329 359 1379 altera
375 1327 457 1381 etiam
469 1328 571 1382 arimess
585 1338 613 1383 et
625 1329 781 1397 perieulum
788 1336 865 1380 esset.

62 1396 223 1466 Quanquam
233 1397 349 1450 Perseus
359 1414 420 1450 aere
430 1398 568 1463 eluceret,
581 1399 613 1453 id
623 1401 694 1466 qssod
701 1415 747 1453 soe
757 1416 811 1453 nass
817 1413 865 1467 po·

60 1467 147 1531 testis,
158 1468 260 1520 Patres
271 1467 426 1536 conscripti,
437 1485 485 1522 aas
490 1470 634 1539 qriaas'qs'o
643 1470 704 1523 testi
714 1469 816 1523 misisse
828 1469 865 1522 ad

59 1553 105 1591 sss
122 1540 242 1607 legatae,
262 1536 309 1604 qui
318 1538 515 1606 pollicerentur
530 1541 618 1604 robis,
639 1556 707 1606 quae
717 1542 754 1593 ad
769 1540 866 1592 bellum

58 1624 126 1677 opus
136 1616 240 1666 essent,·
258 1607 409 1670 naualibus,
419 1609 513 1670 armis,
528 1608 671 1662 iuuentute
680 1618 784 1671 nostra,
794 1608 868 1659 sieut

56 1676 195 1747 prioribus
207 1676 292 1739 bellis,
312 1676 349 1729 esd
359 1676 448 1729 omnia
455 1686 571 1744 paratos
579 1679 655 1750 fore.
691 1677 731 1729 Ne
743 1685 868 1744 praesta·

60 1763 161 1809 reama,
177 1762 228 1815 per
249 1761 294 1797 oss
310 1744 403 1807 stetit,
424 1747 470 1814 qui
487 1749 520 1800 de
536 1761 692 1814 quaestuque
709 1761 793 1797 eausa
810 1753 868 1797 tun

60 1815 202 1886 aspernati
211 1824 308 1869 nostra
319 1814 428 1868 auxilia
437 1816 511 1868 estis.
547 1814 638 1883 Neque
648 1814 767 1887 fecimus
777 1813 867 1881 igitur

61 1886 207 1955 quicquam
224 1894 354 1951 tauquam
371 1884 478 1949 lrostes,
498 1902 582 1953 aeque
597 1886 726 1938 lassorum
736 1883 868 1935 sociorum

61 1956 199 2027 defuimus
211 1954 320 2022 officim
341 1957 387 2008 sel
397 1974 416 2008 a
426 1956 498 2008 robis
514 1954 798 2023 qrolsilitipraestare
808 1951 868 2024 fni·

61 2042 128 2078 mus.
166 2025 238 2090 Quid
252 2025 359 2095 igitur?
378 2025 480 2080 nihilne
488 2028 601 2097 factum
615 2041 699 2092 neque
715 2023 868 2076 dictumest

59 2094 91 2148 iss
103 2095 328 2159 eivitateoestra,
347 2094 464 2159 Rlsodii,
486 2097 684 2165 quodnalletis,
708 2092 867 2164 quomerito

62 2163 247 2234 offenderetur
259 2168 378 2233 populus
391 2166 548 2221 Rornanus?
571 2166 625 2219 Hie
641 2166 697 2218 iam
708 2183 775 2228 non,
794 2163 867 2232 quod

56 2236 237 2309 factumest,
258 2235 417 2307 deserturus
428 2253 498 2299 sum,
522 2240 591 2300 (non
606 2235 804 2297 adsoinsans‘o)
820 2233 867 2284 sed

57 2303 197 2373 publicam
216 2320 324 2356 assessus
339 2323 356 2357 a
376 2307 550 2373 privatorum
565 2311 644 2375 asslpn
660 2313 867 2374 segregaturus.

61 2375 144 2427 Nulla
155 2374 224 2427 enim
236 2375 393 2437 aelamitae,
412 2392 543 2442 quaenam
555 2388 582 2428 et
593 2375 725 2442 improbas
738 2373 807 2425 eires
816 2369 865 2422 ali

61 2446 181 2512 quando,
202 2453 229 2495 et
245 2444 406 2511 imperitam
419 2447 619 2503 multitudinem
639 2460 740 2511 semper
756 2442 864 2493 lrabeat.

60 2514 157 2577 Etiam
169 2515 243 2581 aqud
252 2530 298 2566 aos
313 2515 403 2586 fuisse
416 2516 522 2578 audini,
545 2515 592 2583 qui
603 2515 764 2566 assentando
776 2509 866 2582 multi3

62 2585 154 2639 tulisti
166 2595 378 2653 grassarentur:
399 2595 426 2641 et
449 2584 589 2641 secessisse
607 2582 761 2650 aliquando
778 2593 797 2623 n
810 2573 892 2620 num

50 2654 162 2719 plebem,
172 2670 224 2706 nee
233 2653 261 2708 in
265 2666 413 2724 potestate
424 2669 523 2714 uestra
535 2653 748 2725 rempublicam
758 2641 867 2714 §neuw-
877 2626 918 2671 ὓ
