1860 2994
13 355 39 410 Γ.
50 354 114 408 Lm.
124 354 191 408 lara.
202 352 288 407 XLV.
300 356 375 408 Cur.
386 351 411 406 1.
423 349 722 423 [o.C.584.A.c.1te.]
741 351 791 406 311

70 717 111 792 Τ.
157 720 331 793 lell
376 716 710 792 PATAVINI

210 868 414 930 claun
456 867 573 930 xcv.

13 1001 274 1080 lictoriaenuntit,
294 1015 327 1078 Q.
341 1015 445 1071 Fabius
466 1021 495 1069 et
508 1016 541 1069 L.
556 1016 693 1071 Lentulus
713 1024 742 1070 et
760 1017 794 1080 Q.

13 1088 135 1152 {etellus,
146 1094 252 1154 quanta
261 1089 354 1153 potuit
363 1085 491 1139 adhiberi
501 1085 656 1151 festinatio,
666 1086 796 1140 celeriter

16 1168 108 1210 omnm
122 1171 205 1222 quum
217 1156 368 1219 venissent,
389 1161 567 1222 praeceptam
578 1164 671 1209 tamen
683 1156 796 1208 cisterci

13 1227 131 1280 tctitiam
143 1227 314 1279 invenerunt.
351 1226 457 1289 Quarto
475 1232 540 1293 post
556 1226 615 1288 die,
635 1242 720 1293 quam
734 1241 797 1277 eum

13 1312 58 1366 ege
70 1301 112 1349 est
122 1301 288 1364 pugnatum,
300 1310 382 1362 quum
395 1295 424 1345 in
434 1295 507 1346 circo
519 1295 577 1346 ludi
589 1297 699 1357 fierent,
721 1309 799 1345 mur-

13 1372 178 1434 rurrepentc
189 1364 285 1433 populi
296 1371 358 1417 totn
370 1366 531 1433 spectacula
542 1364 675 1432 pervasit:
684 1364 799 1430 Pugna·

13 1452 47 1489 tm
57 1435 87 1488 in
99 1435 269 1499 Macedonio,
279 1444 308 1488 et
316 1436 449 1488 devictam
461 1452 551 1506 regem
562 1450 626 1487 esse.
661 1433 733 1486 Dein
744 1430 800 1482 ire·

13 1505 76 1556 titus
87 1507 217 1559 increvit:
238 1512 379 1572 postremo
395 1506 504 1558 elamor
519 1507 702 1574 plaususque,
722 1501 800 1552 velut

13 1581 70 1627 erto
86 1577 185 1628 nuntio
200 1577 337 1630 victoriae
352 1577 453 1640 allato,
473 1582 516 1629 est
537 1581 661 1628 exortus.
697 1570 799 1624 Mirari

13 1645 187 1711 nagistretus,
206 1652 235 1697 et
245 1661 379 1713 quaerere
391 1652 533 1698 auctorem
545 1643 707 1711 repentinae
718 1640 799 1693 laeti·

13 1729 59 1765 no.
95 1717 151 1776 Qut
171 1721 318 1776 postquam
339 1714 430 1765 nuilus
451 1720 526 1775 erat,
548 1717 660 1767 evanuit
683 1711 797 1780 quidem

13 1796 121 1849 mquam
133 1781 256 1831 incertae
267 1783 307 1832 rei
320 1782 468 1846 gaudium3
491 1797 571 1833 omen
582 1790 675 1833 tumen
692 1783 799 1832 laetum

13 1850 129 1902 rsidnbat
140 1849 248 1900 animis.
285 1849 368 1907 Quod
378 1854 525 1914 postquam
540 1851 613 1901 veris
630 1850 735 1900 nuntiis
746 1848 800 1900 Fe·

13 1921 31 1971 ii
41 1919 210 1984 Lentulique
222 1921 250 1967 et
255 1916 364 1967 Metelli
374 1917 495 1968 adventu
505 1918 644 1969 firmatum
657 1923 709 1980 est,
715 1932 799 1986 quum

13 1988 110 2040 ictoria
119 1987 195 2054 ipsa,
205 1992 263 2037 tum
277 1988 393 2054 augurio
406 1987 562 2038 animorum
575 2001 701 2049 suorum,
712 1987 800 2038 laeta·

13 2062 101 2109 antur.
136 2055 173 2108 Et
183 2054 265 2107 aliter
277 2055 368 2108 editur
380 2057 512 2108 circensis
523 2059 624 2109 turbae
635 2071 691 2108 non
707 2057 799 2107 minus

13 2128 89 2178 milis
105 2127 165 2179 veri
181 2127 300 2178 laetitia.
337 2129 406 2177 Ante
422 2126 495 2178 dicm
514 2127 639 2195 quintum
659 2126 799 2179 decimum

13 2196 132 2250 Lalendas
152 2197 305 2258 Octobres,
326 2195 454 2248 ludorum
470 2197 659 2249 Romanorum
676 2195 798 2249 seeundo

13 2267 45 2328 ie,
52 2268 82 2317 C.
88 2266 197 2316 Licinio
212 2266 372 2328 consuli,ad
383 2265 532 2333 quadrigas
545 2267 695 2319 mittendas
708 2282 801 2320 escen·

13 2336 86 2395 enti,
97 2333 275 2396 tabellarius,
297 2336 383 2401 quise
395 2350 430 2388 ex
440 2336 608 2389 Macedonia
619 2337 714 2390 venire
725 2336 799 2388 diec-

13 2411 51 2466 et,
73 2405 86 2432 *
103 2402 354 2456 laurentesliteras
374 2406 487 2458 dicitur.
525 2407 676 2475 Quadrigis
695 2406 799 2467 missis,

13 2472 91 2528 onsul
103 2488 213 2524 currum
226 2473 399 2526 conscendit:
420 2482 462 2537 ct,
483 2491 566 2545 quum
578 2490 627 2544 per
639 2479 744 2528 circum
755 2491 798 2527 re·
885 2482 887 2487 “

13 2543 140 2597 niteretur
151 2543 186 2594 nd
197 2541 274 2594 soros
285 2543 422 2609 publicum
432 2546 573 2598 laureatas
582 2546 702 2598 tabellas
713 2559 798 2612 popu·
885 2552 887 2563 ·

12 2631 19 2665 t
38 2612 168 2665 ostendit.
205 2612 312 2673 Quibus
327 2615 498 2680 conspectis,
517 2622 632 2682 repente
650 2616 799 2667 immemor
885 2624 887 2663 ε

13 2682 144 2751 neetnculi
154 2683 273 2748 populus
285 2683 314 2733 in
324 2682 446 2737 medium
457 2685 591 2737 decurrit.
610 2686 652 2735 Eo
669 2688 805 2734 senatum
885 2684 887 2705 ²

13 2753 90 2805 onsui
99 2755 219 2814 vocavit,
240 2751 573 2824 recitutiaquetttbeiiis,
593 2748 829 2803 exauctoixtm

13 2827 100 2871 etrum
108 2835 162 2886 pro
171 2820 246 2875 foris
254 2823 385 2892 publicis
397 2824 593 2880 denuntiauit
600 2804 877 2902 pnpmnzh-Atgk

13 2888 79 2941 'lim
90 2893 228 2962 collegam
238 2895 335 2970 signis
357 2897 478 2956 collatis
497 2911 568 2952 cum
583 2883 795 2960 regennae
815 2879 840 2928 p
