1860 2994
151 136 226 191 LIB.
238 134 324 189 XLV.
337 137 376 188 CA
386 151 410 190 Ρ.
423 132 465 188 37.
477 132 520 202 [U
528 134 622 187 0585.
631 136 662 186 A.
670 136 699 186 C.
710 135 776 202 167]
814 134 865 190 353

65 241 198 298 Aemilius
210 241 316 313 fuerit,
332 239 461 303 Quirites,
473 241 497 291 si
507 257 540 292 ex
551 240 607 292 alia
618 256 646 291 re
657 242 732 292 nulla
745 240 870 293 aestima·

63 313 92 367 ri
107 312 205 380 possit,
217 314 259 362 rel
268 311 318 361 lsoc
329 309 396 361 satis
408 319 482 372 crat,
499 312 582 376 qaod,
603 325 683 376 passm
695 319 750 363 tam
762 310 871 362 seditio·

65 399 109 435 sos
119 392 146 435 et
156 385 224 434 leves
235 380 342 440 milites,
355 389 411 431 tam
422 380 605 443 nolilcm‚tam
617 381 801 444 temerarium,
812 389 869 432 tam

66 456 231 521 cloquentem
243 451 279 502 ad
288 449 470 517 instigandam
480 450 680 504 multitudinem
691 450 829 503 inimicum
840 449 870 502 in

67 521 167 576 castris
178 520 301 583 liaberet,
311 521 413 571 nullam
422 518 452 573 in
464 520 586 573 exercita
597 521 753 572 seditionem
765 520 869 571 lcaluit.

66 592 175 647 Eodem
186 589 317 644 seneritas
328 590 445 658 imperii,
452 607 530 658 quom
540 606 608 642 nunc
619 593 816 653 oderant,tunc
827 605 871 640 cos

66 661 209 716 continuit.
244 661 355 729 ltaque,
378 660 493 726 antiquo
503 658 646 726 disciplina
657 660 752 722 tottii,
763 661 776 688 *
787 675 872 727 nepus

62 731 200 806 fecerunt.
238 728 295 782 Ser.
313 728 419 797 quidem
434 728 535 790 Galla,
554 729 579 779 si
592 729 621 779 in
631 729 664 779 L.
675 730 775 781 Paullo
792 745 871 780 aeca-

66 802 153 856 sando
166 800 321 854 tirocinium
330 814 443 866 ponere,
465 807 492 849 et
506 798 694 850 documentum
706 800 873 866 eloquentiae

67 874 135 925 darc
144 871 239 931 voluit,
250 887 301 921 non
313 866 478 934 triumphum
490 866 619 934 impedire
631 867 735 931 debuit,
746 884 838 934 quem,
850 866 874 918 si

66 940 138 997 nillil
148 939 233 1000 aliud,
240 939 348 990 senatus
357 937 460 990 iustum
470 954 524 989 csse
534 937 722 989 iudicaverat:
732 938 874 1006 seupoite-

17 1050 24 1061 .
66 1029 99 1066 ro
111 1008 164 1072 die,
175 1024 254 1077 quam
265 1006 462 1074 triumphatum
474 1015 529 1069 est,
543 1007 684 1074 priuatum
699 1024 758 1059 eum
768 1012 875 1060 risurus

10 1050 14 1131 i
68 1087 145 1142 essai,
157 1095 251 1131 nomen
263 1077 392 1149 deferret,
403 1087 430 1129 ct
440 1076 543 1146 legibus
552 1076 741 1144 interrogaret
745 1095 756 1138 ;
778 1087 827 1128 out
838 1093 876 1127 sc·

38 1174 46 1205 r
69 1151 129 1204 rius
139 1150 246 1216 paullo,
267 1163 348 1212 qnam
363 1144 482 1212 primum
493 1147 675 1217 magistratus
686 1147 742 1214 ipse
754 1147 876 1213 cepisset,

70 1221 140 1274 diem
152 1217 261 1277 diceret,
272 1212 410 1268 inimicum
420 1218 594 1282 adpopnlum
604 1213 756 1268 accerseret.
791 1217 838 1268 Ita
850 1222 878 1266 st

66 1287 189 1360 pretium
209 1294 282 1338 recte
295 1285 375 1407 {acti
395 1282 561 1352 triuruplourn
582 1283 694 1336 liaberet
714 1286 748 1336 L.
763 1285 877 1338 Paullus

66 1377 119 1430 pro
131 1356 242 1428 egregie
253 1355 295 1408 tet
305 1364 427 1425 agesto;
447 1364 475 1408 et
483 1372 613 1424 poenam,
634 1355 659 1406 si
670 1355 736 1424 quid
746 1365 773 1408 et
787 1363 878 1407 vetere

69 1428 162 1501 glorio
173 1442 222 1479 suo
233 1434 260 1477 et
277 1442 346 1478 nova
360 1424 502 1495 indignum
515 1426 639 1499 fecisset.
677 1426 730 1477 Sed
743 1426 878 1488 videlicet,

73 1497 356 1557 ouicrimcnnullum,
376 1499 479 1548 necllum
498 1497 628 1564 probrum
650 1496 739 1549 dicere
760 1503 880 1564 poterat,

72 1568 130 1622 dus
139 1567 291 1620 obtrectare
304 1564 395 1615 laudes
407 1565 500 1616 soluit.
518 1565 600 1617 Diem
611 1566 746 1635 integrans
757 1566 880 1618 hesterno

72 1638 166 1693 dicad
181 1635 366 1687 accusandum
376 1634 410 1684 L.
424 1634 551 1686 Paullum
568 1633 669 1701 petiit:
688 1644 818 1700 quattuor
835 1635 881 1686 lto·

72 1724 130 1772 ros,
143 1714 274 1776 quantum
286 1710 429 1770 supererat
441 1703 628 1765 diei,·dicendo
639 1702 796 1770 olsurropsit.
813 1703 882 1766 Quis

73 1793 194 1846 unquam
205 1785 261 1828 tam
272 1788 368 1827 nocens
378 1789 440 1824 rcus
446 1773 521 1844 fnit,
532 1772 608 1823 cuites
620 1772 689 1824 sitia
702 1774 775 1824 ritae
786 1782 826 1824 tot
837 1772 883 1824 lto·

74 1849 114 1902 ris
125 1844 247 1915 expromi
256 1862 310 1897 non
325 1845 451 1910 possenti
472 1842 546 1906 Quid
554 1841 664 1894 interim
676 1842 790 1904 obiecit,
811 1841 884 1910 oaod

75 1918 109 1973 L.
121 1918 253 1978 Paullus,
272 1914 296 1966 si
311 1929 421 1966 causam
441 1911 529 1975 dicat,
549 1922 679 1981 negatum
699 1914 782 1965 velit?
802 1911 883 1964 Duas

69 1986 144 2040 milti
156 1984 256 2054 aliquis
266 1983 405 2039 conciones
421 1997 570 2049 parumper
583 1981 697 2051 saciat:
718 1999 799 2034 ronam
814 1981 884 2035 midi

78 2067 135 2110 tum
148 2054 402 2111 Macedonicorum
423 2067 521 2117 puram
534 2052 660 2114 alteram,
671 2051 831 2121 integrioris
842 2053 883 2105 iu-

11 2122 17 2127 ’
77 2125 145 2180 dicii
156 2133 182 2175 ct
199 2139 216 2174 a
229 2122 330 2192 farore
344 2130 371 2172 ct
388 2121 463 2183 odio,
483 2120 607 2175 isnircrso
627 2121 765 2175 iudicante
781 2126 883 2192 populo

77 2197 210 2250 Romano.
229 2190 315 2257 'Apud
325 2190 476 2242 concionem
489 2200 616 2258 togatam
627 2201 654 2243 et
664 2193 796 2245 urbanam
804 2194 884 2262 prins

78 2279 141 2320 reus
165 2268 276 2330 agatur.
315 2257 387 2322 Quid
407 2260 482 2326 apud
502 2259 623 2323 Quirites
643 2261 793 2324 Romanos,
825 2263 884 2314 Sor.

83 2333 187 2394 Galba,
208 2328 327 2382 diceres?
345 2327 394 2378 illa
408 2328 476 2381 enim
488 2329 538 2380 tili
549 2340 607 2382 tota
619 2332 725 2382 abscisa
742 2331 831 2383 oratio
848 2348 885 2383 es·

81 2415 137 2459 set:
157 2401 209 2467 „ln
222 2397 340 2450 statione
348 2398 467 2449 severius
478 2406 505 2450 ct
515 2399 647 2452 intentius
657 2400 786 2451 institisti
792 2418 803 2462 ,·
817 2400 886 2468 aigi·

81 2476 154 2542 „liae
163 2469 284 2524 acerbius
296 2477 326 2519 et·
337 2466 497 2538 diligentius
517 2468 676 2523 circumitae
698 2478 782 2524 santi
801 2463 899 2528 uptiis

83 2547 175 2615 ‚‚plus‚
196 2556 276 2606 paam
287 2546 383 2600 ontca,
396 2537 514 2611 fecisti,
524 2538 693 2607 ‚quisinipse
709 2537 877 2609 impiam-s
892 2529 923 2589 e}

79 2621 213 2680 „exactor
224 2607 384 2662 m'rcruniret
390 2625 403 2672 ;
427 2611 524 2664 eodem
535 2610 584 2663 dic
599 2617 626 2660 et
638 2606 695 2656 iter
719 2601 846 2670 ςεωϋὶ
857 2588 929 2694 stu:

70 2681 343 2800 „differrant-e
364 2682 472 2738 deictus
486 2698 526 2736 cs.
567 2674 781 2734 Ncnictorem
797 2665 856 2721 qm
878 2659 895 2689 θ

126 2784 132 2799 .
174 2766 211 2802 ιν.
228 2753 307 2806 Tou.
322 2753 361 2808 V.
