<?xml version="1.0" encoding="UTF-8"?>
<!DOCTYPE html PUBLIC "-//W3C//DTD XHTML 1.0 Transitional//EN"
    "http://www.w3.org/TR/xhtml1/DTD/xhtml1-transitional.dtd">
<html xmlns="http://www.w3.org/1999/xhtml" xml:lang="en" lang="en">
 <head>
  <title>
</title>
<meta http-equiv="Content-Type" content="text/html;charset=utf-8" />
  <meta name='ocr-system' content='tesseract 3.04.00' />
  <meta name='ocr-capabilities' content='ocr_page ocr_carea ocr_par ocr_line ocrx_word'/>
</head>
<body>
  <div class='ocr_page' id='page_1' title='image "./tliviipatavinih01livigoog_0198.png"; bbox 0 0 1860 2994; ppageno 0'>
   <div class='ocr_carea' id='block_1_1' title="bbox 104 109 856 180">
    <p class='ocr_par' dir='ltr' id='par_1_1' title="bbox 104 109 856 180">
     <span class='ocr_line' id='line_1_1' title="bbox 104 109 856 180; baseline 0 -15"><span class='ocrx_word' id='word_1_1' title='bbox 104 109 465 165; x_wconf 62' lang='lat' dir='ltr'><strong>Mendicitatem.</strong></span> <span class='ocrx_word' id='word_1_2' title='bbox 482 109 776 180; x_wconf 83' lang='lat' dir='ltr'><strong>[U.C.581.A.C.171.]</strong></span> <span class='ocrx_word' id='word_1_3' title='bbox 805 109 856 166; x_wconf 76' lang='lat'><strong>103</strong></span> 
     </span>
    </p>
   </div>
   <div class='ocr_carea' id='block_1_2' title="bbox 52 216 899 2657">
    <p class='ocr_par' dir='ltr' id='par_1_2' title="bbox 52 216 869 1451">
     <span class='ocr_line' id='line_1_2' title="bbox 52 216 858 285; baseline -0.002 -14"><span class='ocrx_word' id='word_1_4' title='bbox 52 232 112 271; x_wconf 87' lang='lat' dir='ltr'><strong>sem</strong></span> <span class='ocrx_word' id='word_1_5' title='bbox 124 230 195 285; x_wconf 85' lang='lat' dir='ltr'><strong>opus</strong></span> <span class='ocrx_word' id='word_1_6' title='bbox 206 222 296 279; x_wconf 83' lang='lat' dir='ltr'><strong>eraut,</strong></span> <span class='ocrx_word' id='word_1_7' title='bbox 316 217 489 283; x_wconf 80' lang='lat' dir='ltr'><strong>praemissis,</strong></span> <span class='ocrx_word' id='word_1_8' title='bbox 508 216 689 267; x_wconf 76' lang='lat' dir='ltr'><strong>Brundisium</strong></span> <span class='ocrx_word' id='word_1_9' title='bbox 701 222 745 267; x_wconf 86' lang='lat' dir='ltr'><strong>est</strong></span> <span class='ocrx_word' id='word_1_10' title='bbox 766 216 858 283; x_wconf 80' lang='lat' dir='ltr'><strong>prois-</strong></span> 
     </span>
     <span class='ocr_line' id='line_1_3' title="bbox 53 284 859 352; baseline -0.004 -12"><span class='ocrx_word' id='word_1_11' title='bbox 53 292 123 340; x_wconf 82' lang='lat' dir='ltr'><strong>ctus.</strong></span> <span class='ocrx_word' id='word_1_12' title='bbox 157 284 332 338; x_wconf 87' lang='lat' dir='ltr'><strong>Praetereos</strong></span> <span class='ocrx_word' id='word_1_13' title='bbox 343 287 497 349; x_wconf 82' lang='lat' dir='ltr'><strong>exercitus,</strong></span> <span class='ocrx_word' id='word_1_14' title='bbox 516 301 585 352; x_wconf 90' lang='lat' dir='ltr'><strong>quos</strong></span> <span class='ocrx_word' id='word_1_15' title='bbox 603 286 732 337; x_wconf 90' lang='lat' dir='ltr'><strong>consules</strong></span> <span class='ocrx_word' id='word_1_16' title='bbox 748 300 859 351; x_wconf 90' lang='lat' dir='ltr'><strong>compa·</strong></span> 
     </span>
     <span class='ocr_line' id='line_1_4' title="bbox 55 354 860 423; baseline -0.006 -13"><span class='ocrx_word' id='word_1_17' title='bbox 55 356 165 418; x_wconf 84' lang='lat' dir='ltr'><strong>rabant,</strong></span> <span class='ocrx_word' id='word_1_18' title='bbox 176 356 205 407; x_wconf 86' lang='lat' dir='ltr'><strong>C.</strong></span> <span class='ocrx_word' id='word_1_19' title='bbox 213 354 336 423; x_wconf 85' lang='lat' dir='ltr'><strong>Sulpicio</strong></span> <span class='ocrx_word' id='word_1_20' title='bbox 346 355 453 409; x_wconf 80' lang='lat' dir='ltr'><strong>Galbae</strong></span> <span class='ocrx_word' id='word_1_21' title='bbox 464 356 588 422; x_wconf 88' lang='lat' dir='ltr'><strong>praetori</strong></span> <span class='ocrx_word' id='word_1_22' title='bbox 600 357 742 422; x_wconf 81' lang='lat' dir='ltr'>negotium</span> <span class='ocrx_word' id='word_1_23' title='bbox 754 355 860 419; x_wconf 87' lang='lat' dir='ltr'><strong>datum,</strong></span> 
     </span>
     <span class='ocr_line' id='line_1_5' title="bbox 55 425 860 493; baseline -0.004 -14"><span class='ocrx_word' id='word_1_24' title='bbox 55 431 85 479; x_wconf 90' lang='lat' dir='ltr'><strong>ut</strong></span> <span class='ocrx_word' id='word_1_25' title='bbox 97 430 232 493; x_wconf 90' lang='lat' dir='ltr'><strong>quattuor</strong></span> <span class='ocrx_word' id='word_1_26' title='bbox 242 425 368 493; x_wconf 78' lang='lat' dir='ltr'><strong>legiones</strong></span> <span class='ocrx_word' id='word_1_27' title='bbox 380 426 514 479; x_wconf 79' lang='lat' dir='ltr'><strong>scriberet</strong></span> <span class='ocrx_word' id='word_1_28' title='bbox 524 427 654 488; x_wconf 87' lang='lat' dir='ltr'><strong>urbanas,</strong></span> <span class='ocrx_word' id='word_1_29' title='bbox 661 426 738 478; x_wconf 91' lang='lat' dir='ltr'><strong>iusto</strong></span> <span class='ocrx_word' id='word_1_30' title='bbox 745 439 860 477; x_wconf 86' lang='lat' dir='ltr'><strong>numero</strong></span> 
     </span>
     <span class='ocr_line' id='line_1_6' title="bbox 55 493 861 564; baseline 0.001 -19"><span class='ocrx_word' id='word_1_31' title='bbox 55 493 181 563; x_wconf 88' lang='lat' dir='ltr'><strong>peditum</strong></span> <span class='ocrx_word' id='word_1_32' title='bbox 194 497 385 562; x_wconf 88' lang='lat' dir='ltr'><strong>equitumquc;</strong></span> <span class='ocrx_word' id='word_1_33' title='bbox 404 496 495 563; x_wconf 90' lang='lat' dir='ltr'><strong>iisque</strong></span> <span class='ocrx_word' id='word_1_34' title='bbox 506 502 639 564; x_wconf 91' lang='lat' dir='ltr'><strong>quattuor</strong></span> <span class='ocrx_word' id='word_1_35' title='bbox 650 495 778 547; x_wconf 90' lang='lat' dir='ltr'><strong>tribunos</strong></span> <span class='ocrx_word' id='word_1_36' title='bbox 790 495 861 546; x_wconf 84' lang='lat' dir='ltr'><strong>rnili-</strong></span> 
     </span>
     <span class='ocr_line' id='line_1_7' title="bbox 55 564 863 632; baseline -0.004 -15"><span class='ocrx_word' id='word_1_37' title='bbox 55 572 118 617; x_wconf 86' lang='lat' dir='ltr'><strong>tum</strong></span> <span class='ocrx_word' id='word_1_38' title='bbox 128 576 165 617; x_wconf 82' lang='lat' dir='ltr'><strong>ex</strong></span> <span class='ocrx_word' id='word_1_39' title='bbox 175 570 274 615; x_wconf 90' lang='lat' dir='ltr'><strong>senatu</strong></span> <span class='ocrx_word' id='word_1_40' title='bbox 283 564 404 631; x_wconf 79' lang='lat' dir='ltr'><strong>legeret,</strong></span> <span class='ocrx_word' id='word_1_41' title='bbox 423 565 472 632; x_wconf 92' lang='lat' dir='ltr'><strong>qui</strong></span> <span class='ocrx_word' id='word_1_42' title='bbox 482 571 656 632; x_wconf 77' lang='lat' dir='ltr'><strong>praeessentt</strong></span> <span class='ocrx_word' id='word_1_43' title='bbox 671 565 757 617; x_wconf 90' lang='lat' dir='ltr'><strong>sociis</strong></span> <span class='ocrx_word' id='word_1_44' title='bbox 768 565 863 615; x_wconf 65' lang='lat' dir='ltr'><strong>latini</strong></span> 
     </span>
     <span class='ocr_line' id='line_1_8' title="bbox 55 632 863 703; baseline -0.004 -16"><span class='ocrx_word' id='word_1_45' title='bbox 55 632 179 687; x_wconf 87' lang='lat' dir='ltr'><strong>numinis</strong></span> <span class='ocrx_word' id='word_1_46' title='bbox 189 632 339 703; x_wconf 83' lang='lat' dir='ltr'><strong>imperaret</strong></span> <span class='ocrx_word' id='word_1_47' title='bbox 350 634 503 703; x_wconf 88' lang='lat' dir='ltr'><strong>quindecim</strong></span> <span class='ocrx_word' id='word_1_48' title='bbox 515 636 605 687; x_wconf 85' lang='lat' dir='ltr'><strong>millia</strong></span> <span class='ocrx_word' id='word_1_49' title='bbox 623 635 762 701; x_wconf 88' lang='lat' dir='ltr'><strong>peditum,</strong></span> <span class='ocrx_word' id='word_1_50' title='bbox 783 634 863 685; x_wconf 90' lang='lat' dir='ltr'><strong>snille</strong></span> 
     </span>
     <span class='ocr_line' id='line_1_9' title="bbox 59 702 864 772; baseline 0 -15"><span class='ocrx_word' id='word_1_51' title='bbox 59 708 88 757; x_wconf 81' lang='lat' dir='ltr'><strong>ct</strong></span> <span class='ocrx_word' id='word_1_52' title='bbox 99 702 237 755; x_wconf 86' lang='lat' dir='ltr'><strong>ducentos</strong></span> <span class='ocrx_word' id='word_1_53' title='bbox 249 705 366 771; x_wconf 85' lang='lat' dir='ltr'><strong>equites.</strong></span> <span class='ocrx_word' id='word_1_54' title='bbox 400 706 428 757; x_wconf 90' lang='lat' dir='ltr'><strong>ls</strong></span> <span class='ocrx_word' id='word_1_55' title='bbox 439 706 578 759; x_wconf 84' lang='lat' dir='ltr'><strong>exercitus</strong></span> <span class='ocrx_word' id='word_1_56' title='bbox 587 705 631 756; x_wconf 90' lang='lat' dir='ltr'><strong>uti</strong></span> <span class='ocrx_word' id='word_1_57' title='bbox 647 712 762 772; x_wconf 85' lang='lat' dir='ltr'><strong>paratus</strong></span> <span class='ocrx_word' id='word_1_58' title='bbox 781 706 864 766; x_wconf 63' lang='lat' dir='ltr'><strong>esscb</strong></span> 
     </span>
     <span class='ocr_line' id='line_1_10' title="bbox 57 774 865 841; baseline 0 -17"><span class='ocrx_word' id='word_1_59' title='bbox 57 786 111 841; x_wconf 84' lang='lat' dir='ltr'><strong>quo</strong></span> <span class='ocrx_word' id='word_1_60' title='bbox 122 778 236 825; x_wconf 86' lang='lat' dir='ltr'><strong>senatus</strong></span> <span class='ocrx_word' id='word_1_61' title='bbox 248 775 412 827; x_wconf 86' lang='lat' dir='ltr'><strong>censuisset.</strong></span> <span class='ocrx_word' id='word_1_62' title='bbox 448 774 480 828; x_wconf 90' lang='lat' dir='ltr'><strong>P.</strong></span> <span class='ocrx_word' id='word_1_63' title='bbox 490 775 602 827; x_wconf 84' lang='lat' dir='ltr'><strong>Licinio</strong></span> <span class='ocrx_word' id='word_1_64' title='bbox 614 776 719 826; x_wconf 91' lang='lat' dir='ltr'><strong>consuli</strong></span> <span class='ocrx_word' id='word_1_65' title='bbox 735 775 772 828; x_wconf 82' lang='lat' dir='ltr'><strong>ad</strong></span> <span class='ocrx_word' id='word_1_66' title='bbox 787 789 865 826; x_wconf 85' lang='lat' dir='ltr'><strong>exer·</strong></span> 
     </span>
     <span class='ocr_line' id='line_1_11' title="bbox 58 840 864 911; baseline 0.001 -16"><span class='ocrx_word' id='word_1_67' title='bbox 58 842 145 895; x_wconf 87' lang='lat' dir='ltr'><strong>citum</strong></span> <span class='ocrx_word' id='word_1_68' title='bbox 162 840 274 894; x_wconf 87' lang='lat' dir='ltr'><strong>civilem</strong></span> <span class='ocrx_word' id='word_1_69' title='bbox 293 843 483 910; x_wconf 85' lang='lat' dir='ltr'><strong>socialemque</strong></span> <span class='ocrx_word' id='word_1_70' title='bbox 503 844 611 911; x_wconf 83' lang='lat' dir='ltr'><strong>petenti</strong></span> <span class='ocrx_word' id='word_1_71' title='bbox 631 844 729 897; x_wconf 85' lang='lat' dir='ltr'><strong>addita</strong></span> <span class='ocrx_word' id='word_1_72' title='bbox 747 844 864 907; x_wconf 82' lang='lat' dir='ltr'><strong>auxilia,</strong></span> 
     </span>
     <span class='ocr_line' id='line_1_12' title="bbox 56 909 865 981; baseline 0.002 -16"><span class='ocrx_word' id='word_1_73' title='bbox 56 909 196 979; x_wconf 76' lang='lat' dir='ltr'><strong>Ligurum</strong></span> <span class='ocrx_word' id='word_1_74' title='bbox 206 909 260 962; x_wconf 89' lang='lat' dir='ltr'><strong>duo</strong></span> <span class='ocrx_word' id='word_1_75' title='bbox 271 912 374 975; x_wconf 87' lang='lat' dir='ltr'><strong>millia,</strong></span> <span class='ocrx_word' id='word_1_76' title='bbox 395 914 539 965; x_wconf 83' lang='lat' dir='ltr'><strong>Cretenses</strong></span> <span class='ocrx_word' id='word_1_77' title='bbox 554 914 708 981; x_wconf 79' lang='lat' dir='ltr'><strong>sagittarii,</strong></span> <span class='ocrx_word' id='word_1_78' title='bbox 728 917 865 979; x_wconf 72' lang='lat' dir='ltr'><strong>(incamus</strong></span> 
     </span>
     <span class='ocr_line' id='line_1_13' title="bbox 56 982 866 1048; baseline 0.001 -15"><span class='ocrx_word' id='word_1_79' title='bbox 56 996 205 1041; x_wconf 87' lang='lat' dir='ltr'><strong>numerus,</strong></span> <span class='ocrx_word' id='word_1_80' title='bbox 225 987 360 1047; x_wconf 89' lang='lat' dir='ltr'><strong>quantum</strong></span> <span class='ocrx_word' id='word_1_81' title='bbox 378 982 472 1048; x_wconf 83' lang='lat' dir='ltr'><strong>rogati</strong></span> <span class='ocrx_word' id='word_1_82' title='bbox 489 982 597 1034; x_wconf 83' lang='lat' dir='ltr'><strong>auxilia</strong></span> <span class='ocrx_word' id='word_1_83' title='bbox 608 984 755 1036; x_wconf 83' lang='lat' dir='ltr'><strong>Cretenses</strong></span> <span class='ocrx_word' id='word_1_84' title='bbox 775 984 866 1035; x_wconf 86' lang='lat' dir='ltr'><strong>misis-</strong></span> 
     </span>
     <span class='ocr_line' id='line_1_14' title="bbox 57 1048 866 1119; baseline 0.004 -18"><span class='ocrx_word' id='word_1_85' title='bbox 57 1052 131 1113; x_wconf 86' lang='lat' dir='ltr'><strong>sent)</strong></span> <span class='ocrx_word' id='word_1_86' title='bbox 143 1048 284 1100; x_wconf 87' lang='lat' dir='ltr'><strong>Numidae</strong></span> <span class='ocrx_word' id='word_1_87' title='bbox 300 1051 368 1101; x_wconf 91' lang='lat' dir='ltr'><strong>item</strong></span> <span class='ocrx_word' id='word_1_88' title='bbox 385 1052 494 1119; x_wconf 89' lang='lat' dir='ltr'><strong>equites</strong></span> <span class='ocrx_word' id='word_1_89' title='bbox 513 1050 718 1118; x_wconf 85' lang='lat' dir='ltr'><strong>elephantique.</strong></span> <span class='ocrx_word' id='word_1_90' title='bbox 752 1053 784 1104; x_wconf 94' lang='lat' dir='ltr'><strong>ln</strong></span> <span class='ocrx_word' id='word_1_91' title='bbox 804 1067 866 1104; x_wconf 86' lang='lat' dir='ltr'><strong>eam</strong></span> 
     </span>
     <span class='ocr_line' id='line_1_15' title="bbox 57 1116 868 1187; baseline 0 -16"><span class='ocrx_word' id='word_1_92' title='bbox 57 1134 116 1171; x_wconf 88' lang='lat' dir='ltr'><strong>rem</strong></span> <span class='ocrx_word' id='word_1_93' title='bbox 128 1116 220 1183; x_wconf 81' lang='lat' dir='ltr'><strong>legati</strong></span> <span class='ocrx_word' id='word_1_94' title='bbox 229 1118 265 1168; x_wconf 89' lang='lat' dir='ltr'><strong>ad</strong></span> <span class='ocrx_word' id='word_1_95' title='bbox 276 1116 455 1173; x_wconf 85' lang='lat' dir='ltr'><strong>Masinissam</strong></span> <span class='ocrx_word' id='word_1_96' title='bbox 465 1118 763 1187; x_wconf 81' lang='lat' dir='ltr'><strong>Carthaginiensesque</strong></span> <span class='ocrx_word' id='word_1_97' title='bbox 779 1121 868 1183; x_wconf 87' lang='lat' dir='ltr'><strong>missi,</strong></span> 
     </span>
     <span class='ocr_line' id='line_1_16' title="bbox 55 1185 869 1252; baseline 0.001 -11"><span class='ocrx_word' id='word_1_98' title='bbox 55 1186 90 1241; x_wconf 80' lang='lat'><strong>1..</strong></span> <span class='ocrx_word' id='word_1_99' title='bbox 99 1185 264 1239; x_wconf 83' lang='lat' dir='ltr'><strong>Postumius</strong></span> <span class='ocrx_word' id='word_1_100' title='bbox 274 1188 404 1252; x_wconf 79' lang='lat' dir='ltr'><strong>Albinus,</strong></span> <span class='ocrx_word' id='word_1_101' title='bbox 416 1189 450 1251; x_wconf 78' lang='lat' dir='ltr'><strong>Q.</strong></span> <span class='ocrx_word' id='word_1_102' title='bbox 462 1190 611 1241; x_wconf 85' lang='lat' dir='ltr'><strong>Terentius</strong></span> <span class='ocrx_word' id='word_1_103' title='bbox 622 1189 734 1251; x_wconf 85' lang='lat' dir='ltr'><strong>culleo,</strong></span> <span class='ocrx_word' id='word_1_104' title='bbox 757 1191 786 1242; x_wconf 83' lang='lat' dir='ltr'><strong>C.</strong></span> <span class='ocrx_word' id='word_1_105' title='bbox 796 1189 869 1242; x_wconf 80' lang='lat' dir='ltr'><strong>Abu·</strong></span> 
     </span>
     <span class='ocr_line' id='line_1_17' title="bbox 56 1256 867 1328; baseline -0.001 -17"><span class='ocrx_word' id='word_1_106' title='bbox 56 1258 126 1311; x_wconf 86' lang='lat' dir='ltr'><strong>rius.</strong></span> <span class='ocrx_word' id='word_1_107' title='bbox 161 1256 195 1310; x_wconf 90' lang='lat' dir='ltr'><strong>Iu</strong></span> <span class='ocrx_word' id='word_1_108' title='bbox 212 1258 324 1311; x_wconf 81' lang='lat' dir='ltr'><strong>Cretam</strong></span> <span class='ocrx_word' id='word_1_109' title='bbox 339 1258 407 1312; x_wconf 86' lang='lat' dir='ltr'><strong>item</strong></span> <span class='ocrx_word' id='word_1_110' title='bbox 419 1259 529 1328; x_wconf 76' lang='lat' dir='ltr'><strong>lagatos</strong></span> <span class='ocrx_word' id='word_1_111' title='bbox 548 1264 607 1311; x_wconf 86' lang='lat' dir='ltr'><strong>tres</strong></span> <span class='ocrx_word' id='word_1_112' title='bbox 627 1258 671 1310; x_wconf 89' lang='lat' dir='ltr'><strong>ire</strong></span> <span class='ocrx_word' id='word_1_113' title='bbox 694 1258 814 1324; x_wconf 84' lang='lat' dir='ltr'><strong>placuit,</strong></span> <span class='ocrx_word' id='word_1_114' title='bbox 835 1258 867 1310; x_wconf 76' lang='lat' dir='ltr'><strong>A.</strong></span> 
     </span>
     <span class='ocr_line' id='line_1_18' title="bbox 55 1324 867 1451; baseline -0.002 -70"><span class='ocrx_word' id='word_1_115' title='bbox 55 1324 232 1451; x_wconf 50' lang='lat' dir='ltr'><strong>gustantium</strong></span> <span class='ocrx_word' id='word_1_116' title='bbox 251 1328 395 1394; x_wconf 77' lang='lat' dir='ltr'><strong>Albinum,</strong></span> <span class='ocrx_word' id='word_1_117' title='bbox 426 1331 455 1382; x_wconf 82' lang='lat' dir='ltr'><strong>G.</strong></span> <span class='ocrx_word' id='word_1_118' title='bbox 476 1328 651 1391; x_wconf 87' lang='lat' dir='ltr'><strong>Decimium,</strong></span> <span class='ocrx_word' id='word_1_119' title='bbox 675 1328 709 1380; x_wconf 86' lang='lat' dir='ltr'><strong>ll.</strong></span> <span class='ocrx_word' id='word_1_120' title='bbox 728 1327 867 1380; x_wconf 77' lang='lat' dir='ltr'><strong>licinium</strong></span> 
     </span>
     <span class='ocr_line' id='line_1_19' title="bbox 86 1412 191 1451; baseline -0.019 0"><span class='ocrx_word' id='word_1_121' title='bbox 86 1412 191 1451; x_wconf 81' lang='lat' dir='ltr'><strong>errans.</strong></span> 
     </span>
    </p>

    <p class='ocr_par' dir='ltr' id='par_1_3' title="bbox 54 1464 899 2657">
     <span class='ocr_line' id='line_1_20' title="bbox 91 1464 866 1536; baseline 0 -17"><span class='ocrx_word' id='word_1_122' title='bbox 91 1464 222 1519; x_wconf 83' lang='lat' dir='ltr'><strong>xxxvl.</strong></span> <span class='ocrx_word' id='word_1_123' title='bbox 240 1466 382 1520; x_wconf 86' lang='lat' dir='ltr'><strong>Paridem</strong></span> <span class='ocrx_word' id='word_1_124' title='bbox 398 1474 508 1535; x_wconf 86' lang='lat' dir='ltr'><strong>tempus</strong></span> <span class='ocrx_word' id='word_1_125' title='bbox 524 1467 612 1535; x_wconf 79' lang='lat' dir='ltr'><strong>legati</strong></span> <span class='ocrx_word' id='word_1_126' title='bbox 629 1469 664 1520; x_wconf 84' lang='lat' dir='ltr'><strong>ab</strong></span> <span class='ocrx_word' id='word_1_127' title='bbox 681 1483 748 1536; x_wconf 78' lang='lat' dir='ltr'><strong>rege</strong></span> <span class='ocrx_word' id='word_1_128' title='bbox 762 1467 866 1521; x_wconf 89' lang='lat' dir='ltr'><strong>Perseo</strong></span> 
     </span>
     <span class='ocr_line' id='line_1_21' title="bbox 57 1537 867 1606; baseline 0.001 -19"><span class='ocrx_word' id='word_1_129' title='bbox 57 1541 202 1589; x_wconf 80' lang='lat' dir='ltr'><strong>venerunt.</strong></span> <span class='ocrx_word' id='word_1_130' title='bbox 237 1538 295 1589; x_wconf 88' lang='lat' dir='ltr'><strong>Eos</strong></span> <span class='ocrx_word' id='word_1_131' title='bbox 306 1538 336 1589; x_wconf 94' lang='lat' dir='ltr'><strong>in</strong></span> <span class='ocrx_word' id='word_1_132' title='bbox 353 1538 484 1605; x_wconf 90' lang='lat' dir='ltr'><strong>oppidum</strong></span> <span class='ocrx_word' id='word_1_133' title='bbox 503 1538 655 1590; x_wconf 87' lang='lat' dir='ltr'><strong>intromitti</strong></span> <span class='ocrx_word' id='word_1_134' title='bbox 674 1554 730 1590; x_wconf 95' lang='lat' dir='ltr'><strong>non</strong></span> <span class='ocrx_word' id='word_1_135' title='bbox 750 1537 867 1606; x_wconf 91' lang='lat' dir='ltr'><strong>placuit,</strong></span> 
     </span>
     <span class='ocr_line' id='line_1_22' title="bbox 57 1606 868 1675; baseline 0.002 -19"><span class='ocrx_word' id='word_1_136' title='bbox 57 1621 142 1675; x_wconf 83' lang='lat' dir='ltr'><strong>quum</strong></span> <span class='ocrx_word' id='word_1_137' title='bbox 154 1607 211 1659; x_wconf 89' lang='lat' dir='ltr'><strong>iam</strong></span> <span class='ocrx_word' id='word_1_138' title='bbox 220 1607 326 1659; x_wconf 87' lang='lat' dir='ltr'><strong>bellum</strong></span> <span class='ocrx_word' id='word_1_139' title='bbox 339 1611 401 1674; x_wconf 81' lang='lat' dir='ltr'><strong>regi</strong></span> <span class='ocrx_word' id='word_1_140' title='bbox 412 1623 508 1660; x_wconf 90' lang='lat' dir='ltr'><strong>eorum</strong></span> <span class='ocrx_word' id='word_1_141' title='bbox 520 1613 548 1660; x_wconf 86' lang='lat' dir='ltr'><strong>et</strong></span> <span class='ocrx_word' id='word_1_142' title='bbox 558 1606 758 1660; x_wconf 86' lang='lat' dir='ltr'><strong>Macedonibus</strong></span> <span class='ocrx_word' id='word_1_143' title='bbox 773 1615 803 1658; x_wconf 90' lang='lat' dir='ltr'><strong>et</strong></span> <span class='ocrx_word' id='word_1_144' title='bbox 825 1622 868 1658; x_wconf 85' lang='lat' dir='ltr'><strong>se·</strong></span> 
     </span>
     <span class='ocr_line' id='line_1_23' title="bbox 54 1674 869 1744; baseline -0.002 -17"><span class='ocrx_word' id='word_1_145' title='bbox 54 1682 139 1729; x_wconf 78' lang='lat' dir='ltr'><strong>natus</strong></span> <span class='ocrx_word' id='word_1_146' title='bbox 152 1676 304 1741; x_wconf 85' lang='lat' dir='ltr'><strong>decresset,</strong></span> <span class='ocrx_word' id='word_1_147' title='bbox 314 1682 343 1730; x_wconf 91' lang='lat' dir='ltr'><strong>et</strong></span> <span class='ocrx_word' id='word_1_148' title='bbox 353 1678 471 1744; x_wconf 93' lang='lat' dir='ltr'><strong>populus</strong></span> <span class='ocrx_word' id='word_1_149' title='bbox 482 1678 618 1729; x_wconf 87' lang='lat' dir='ltr'><strong>iussisset.</strong></span> <span class='ocrx_word' id='word_1_150' title='bbox 654 1677 686 1727; x_wconf 91' lang='lat' dir='ltr'><strong>ln</strong></span> <span class='ocrx_word' id='word_1_151' title='bbox 698 1676 795 1726; x_wconf 89' lang='lat' dir='ltr'><strong>aedem</strong></span> <span class='ocrx_word' id='word_1_152' title='bbox 806 1674 869 1725; x_wconf 89' lang='lat' dir='ltr'><strong>Bel·</strong></span> 
     </span>
     <span class='ocr_line' id='line_1_24' title="bbox 59 1741 869 1799; baseline -0.006 -2"><span class='ocrx_word' id='word_1_153' title='bbox 59 1744 143 1797; x_wconf 87' lang='lat' dir='ltr'><strong>lonae</strong></span> <span class='ocrx_word' id='word_1_154' title='bbox 154 1743 184 1796; x_wconf 91' lang='lat' dir='ltr'><strong>in</strong></span> <span class='ocrx_word' id='word_1_155' title='bbox 197 1752 323 1797; x_wconf 90' lang='lat' dir='ltr'><strong>senatum</strong></span> <span class='ocrx_word' id='word_1_156' title='bbox 334 1746 487 1799; x_wconf 88' lang='lat' dir='ltr'><strong>introducti</strong></span> <span class='ocrx_word' id='word_1_157' title='bbox 498 1747 539 1799; x_wconf 88' lang='lat' dir='ltr'><strong>ita</strong></span> <span class='ocrx_word' id='word_1_158' title='bbox 554 1744 640 1795; x_wconf 82' lang='lat' dir='ltr'><strong>verba</strong></span> <span class='ocrx_word' id='word_1_159' title='bbox 654 1744 794 1795; x_wconf 80' lang='lat' dir='ltr'><strong>iecerunt:</strong></span> <span class='ocrx_word' id='word_1_160' title='bbox 816 1741 869 1793; x_wconf 77' lang='lat' dir='ltr'><strong>Mt-</strong></span> 
     </span>
     <span class='ocr_line' id='line_1_25' title="bbox 58 1811 869 1885; baseline -0.006 -18"><span class='ocrx_word' id='word_1_161' title='bbox 58 1812 120 1867; x_wconf 81' lang='lat' dir='ltr'><strong>rars&#39;</strong></span> <span class='ocrx_word' id='word_1_162' title='bbox 137 1812 242 1867; x_wconf 83' lang='lat' dir='ltr'><strong>Persea</strong></span> <span class='ocrx_word' id='word_1_163' title='bbox 262 1831 367 1885; x_wconf 82' lang='lat' dir='ltr'><strong>regem,</strong></span> <span class='ocrx_word' id='word_1_164' title='bbox 389 1816 455 1884; x_wconf 77' lang='lat' dir='ltr'><strong>quid</strong></span> <span class='ocrx_word' id='word_1_165' title='bbox 471 1814 502 1867; x_wconf 83' lang='lat' dir='ltr'><strong>in</strong></span> <span class='ocrx_word' id='word_1_166' title='bbox 523 1811 712 1865; x_wconf 77' lang='lat' dir='ltr'><strong>Macedoniam</strong></span> <span class='ocrx_word' id='word_1_167' title='bbox 733 1811 869 1863; x_wconf 73' lang='lat' dir='ltr'><strong>exercitas</strong></span> 
     </span>
     <span class='ocr_line' id='line_1_26' title="bbox 59 1882 869 1951; baseline -0.002 -15"><span class='ocrx_word' id='word_1_168' title='bbox 59 1882 248 1951; x_wconf 79' lang='lat' dir='ltr'><strong>transportati</strong></span> <span class='ocrx_word' id='word_1_169' title='bbox 258 1893 354 1939; x_wconf 69' lang='lat' dir='ltr'><strong>essem.</strong></span> <span class='ocrx_word' id='word_1_170' title='bbox 392 1885 424 1936; x_wconf 75' lang='lat' dir='ltr'><strong>ui</strong></span> <span class='ocrx_word' id='word_1_171' title='bbox 433 1882 581 1951; x_wconf 77' lang='lat' dir='ltr'><strong>impetrari</strong></span> <span class='ocrx_word' id='word_1_172' title='bbox 592 1897 609 1933; x_wconf 86' lang='lat' dir='ltr'><strong>a</strong></span> <span class='ocrx_word' id='word_1_173' title='bbox 620 1890 718 1934; x_wconf 79' lang='lat' dir='ltr'><strong>senate</strong></span> <span class='ocrx_word' id='word_1_174' title='bbox 726 1890 826 1948; x_wconf 81' lang='lat' dir='ltr'><strong>posses,</strong></span> <span class='ocrx_word' id='word_1_175' title='bbox 837 1890 869 1934; x_wconf 82' lang='lat' dir='ltr'><strong>at</strong></span> 
     </span>
     <span class='ocr_line' id='line_1_27' title="bbox 58 1950 868 2023; baseline -0.001 -18"><span class='ocrx_word' id='word_1_176' title='bbox 58 1952 81 2006; x_wconf 81' lang='lat' dir='ltr'><strong>ii</strong></span> <span class='ocrx_word' id='word_1_177' title='bbox 91 1962 250 2007; x_wconf 78' lang='lat' dir='ltr'><strong>revocentur</strong></span> <span class='ocrx_word' id='word_1_178' title='bbox 256 1991 265 2018; x_wconf 95' lang='lat'><strong>,</strong></span> <span class='ocrx_word' id='word_1_179' title='bbox 275 1970 366 2023; x_wconf 82' lang='lat' dir='ltr'><strong>regem</strong></span> <span class='ocrx_word' id='word_1_180' title='bbox 377 1956 408 2007; x_wconf 82' lang='lat' dir='ltr'><strong>de</strong></span> <span class='ocrx_word' id='word_1_181' title='bbox 419 1952 542 2014; x_wconf 79' lang='lat' dir='ltr'><strong>iniuriis,</strong></span> <span class='ocrx_word' id='word_1_182' title='bbox 563 1950 665 2018; x_wconf 76' lang='lat' dir='ltr'><strong>siquas</strong></span> <span class='ocrx_word' id='word_1_183' title='bbox 676 1950 757 2003; x_wconf 80' lang='lat' dir='ltr'><strong>sociis</strong></span> <span class='ocrx_word' id='word_1_184' title='bbox 769 1951 868 2023; x_wconf 81' lang='lat' dir='ltr'><strong>sactus</strong></span> 
     </span>
     <span class='ocr_line' id='line_1_28' title="bbox 59 2022 867 2144; baseline -0.004 -69"><span class='ocrx_word' id='word_1_185' title='bbox 59 2032 251 2144; x_wconf 66' lang='lat' dir='ltr'><strong>pascerentur,</strong></span> <span class='ocrx_word' id='word_1_186' title='bbox 277 2023 419 2106; x_wconf 64' lang='lat' dir='ltr'><strong>arbitratu</strong></span> <span class='ocrx_word' id='word_1_187' title='bbox 440 2030 550 2077; x_wconf 75' lang='lat' dir='ltr'><strong>senatus</strong></span> <span class='ocrx_word' id='word_1_188' title='bbox 571 2022 784 2105; x_wconf 66' lang='lat' dir='ltr'><strong>satisfacturum</strong></span> <span class='ocrx_word' id='word_1_189' title='bbox 796 2037 867 2103; x_wconf 33' lang='lat' dir='ltr'><strong>nesse.</strong></span> 
     </span>
     <span class='ocr_line' id='line_1_29' title="bbox 57 2092 869 2226; baseline -0.011 -12"><span class='ocrx_word' id='word_1_190' title='bbox 57 2093 553 2226; x_wconf 57' lang='lat' dir='ltr'><strong>..talulltff‘bmdutzu</strong></span> <span class='ocrx_word' id='word_1_191' title='bbox 565 2092 869 2214; x_wconf 56' lang='lat' dir='ltr'><strong>illumillum</strong></span> 
     </span>
     <span class='ocr_line' id='line_1_30' title="bbox 57 2230 867 2300; baseline -0.002 -17"><span class='ocrx_word' id='word_1_192' title='bbox 57 2237 211 2300; x_wconf 85' lang='lat' dir='ltr'><strong>pugnatam</strong></span> <span class='ocrx_word' id='word_1_193' title='bbox 221 2233 321 2297; x_wconf 86' lang='lat' dir='ltr'><strong>armis,</strong></span> <span class='ocrx_word' id='word_1_194' title='bbox 340 2232 507 2286; x_wconf 86' lang='lat' dir='ltr'><strong>Thessaliae</strong></span> <span class='ocrx_word' id='word_1_195' title='bbox 528 2230 636 2299; x_wconf 84' lang='lat' dir='ltr'><strong>aliquot</strong></span> <span class='ocrx_word' id='word_1_196' title='bbox 656 2234 741 2285; x_wconf 89' lang='lat' dir='ltr'><strong>urbes</strong></span> <span class='ocrx_word' id='word_1_197' title='bbox 761 2236 867 2297; x_wconf 84' lang='lat' dir='ltr'><strong>captas,</strong></span> 
     </span>
     <span class='ocr_line' id='line_1_31' title="bbox 58 2308 868 2371; baseline -0.002 -19"><span class='ocrx_word' id='word_1_198' title='bbox 58 2308 162 2365; x_wconf 81' lang='lat' dir='ltr'><strong>cetera,</strong></span> <span class='ocrx_word' id='word_1_199' title='bbox 174 2317 244 2368; x_wconf 87' lang='lat' dir='ltr'><strong>quae</strong></span> <span class='ocrx_word' id='word_1_200' title='bbox 255 2309 304 2354; x_wconf 85' lang='lat' dir='ltr'><strong>aut</strong></span> <span class='ocrx_word' id='word_1_201' title='bbox 312 2309 418 2371; x_wconf 82' lang='lat' dir='ltr'><strong>ageret,</strong></span> <span class='ocrx_word' id='word_1_202' title='bbox 429 2308 478 2355; x_wconf 91' lang='lat' dir='ltr'><strong>aut</strong></span> <span class='ocrx_word' id='word_1_203' title='bbox 488 2308 600 2369; x_wconf 86' lang='lat' dir='ltr'><strong>pararet</strong></span> <span class='ocrx_word' id='word_1_204' title='bbox 612 2316 670 2364; x_wconf 76' lang='lat' dir='ltr'><strong>reu,</strong></span> <span class='ocrx_word' id='word_1_205' title='bbox 678 2317 760 2369; x_wconf 88' lang='lat' dir='ltr'><strong>quum</strong></span> <span class='ocrx_word' id='word_1_206' title='bbox 772 2315 868 2368; x_wconf 82' lang='lat' dir='ltr'><strong>argue·</strong></span> 
     </span>
     <span class='ocr_line' id='line_1_32' title="bbox 57 2368 865 2440; baseline -0.005 -18"><span class='ocrx_word' id='word_1_207' title='bbox 57 2376 111 2434; x_wconf 88' lang='lat' dir='ltr'><strong>ret,</strong></span> <span class='ocrx_word' id='word_1_208' title='bbox 126 2373 296 2439; x_wconf 86' lang='lat' dir='ltr'><strong>respondere</strong></span> <span class='ocrx_word' id='word_1_209' title='bbox 307 2373 342 2425; x_wconf 89' lang='lat' dir='ltr'><strong>ad</strong></span> <span class='ocrx_word' id='word_1_210' title='bbox 352 2389 386 2426; x_wconf 89' lang='lat' dir='ltr'><strong>ea</strong></span> <span class='ocrx_word' id='word_1_211' title='bbox 395 2372 483 2440; x_wconf 78' lang='lat' dir='ltr'><strong>legati</strong></span> <span class='ocrx_word' id='word_1_212' title='bbox 492 2370 569 2422; x_wconf 93' lang='lat' dir='ltr'><strong>iussi.</strong></span> <span class='ocrx_word' id='word_1_213' title='bbox 605 2370 756 2439; x_wconf 87' lang='lat' dir='ltr'><strong>Postquam</strong></span> <span class='ocrx_word' id='word_1_214' title='bbox 776 2368 865 2421; x_wconf 89' lang='lat' dir='ltr'><strong>haesi·</strong></span> 
     </span>
     <span class='ocr_line' id='line_1_33' title="bbox 57 2441 866 2510; baseline -0.007 -18"><span class='ocrx_word' id='word_1_215' title='bbox 57 2442 304 2508; x_wconf 60' lang='lat' dir='ltr'><strong>tabantnegantes</strong></span> <span class='ocrx_word' id='word_1_216' title='bbox 317 2444 368 2496; x_wconf 86' lang='lat' dir='ltr'><strong>sibi</strong></span> <span class='ocrx_word' id='word_1_217' title='bbox 380 2444 457 2494; x_wconf 92' lang='lat' dir='ltr'><strong>ultra</strong></span> <span class='ocrx_word' id='word_1_218' title='bbox 467 2441 612 2510; x_wconf 88' lang='lat' dir='ltr'><strong>quicquam</strong></span> <span class='ocrx_word' id='word_1_219' title='bbox 624 2442 785 2493; x_wconf 88' lang='lat' dir='ltr'><strong>mandatum</strong></span> <span class='ocrx_word' id='word_1_220' title='bbox 797 2452 866 2496; x_wconf 86' lang='lat' dir='ltr'><strong>esse,</strong></span> 
     </span>
     <span class='ocr_line' id='line_1_34' title="bbox 55 2502 888 2580; baseline -0.005 -18"><span class='ocrx_word' id='word_1_221' title='bbox 55 2511 126 2562; x_wconf 89' lang='lat' dir='ltr'><strong>iussi</strong></span> <span class='ocrx_word' id='word_1_222' title='bbox 145 2511 306 2564; x_wconf 85' lang='lat' dir='ltr'><strong>renuntiare</strong></span> <span class='ocrx_word' id='word_1_223' title='bbox 325 2513 402 2580; x_wconf 82' lang='lat' dir='ltr'><strong>regi,</strong></span> <span class='ocrx_word' id='word_1_224' title='bbox 425 2510 566 2564; x_wconf 79' lang='lat' dir='ltr'><strong>Consulem</strong></span> <span class='ocrx_word' id='word_1_225' title='bbox 586 2511 621 2579; x_wconf 67' lang='grc' dir='ltr'><strong>Β.</strong></span> <span class='ocrx_word' id='word_1_226' title='bbox 633 2510 777 2561; x_wconf 71' lang='lat' dir='ltr'><strong>Liciniana</strong></span> <span class='ocrx_word' id='word_1_227' title='bbox 795 2502 888 2573; x_wconf 54' lang='lat' dir='ltr'><strong>bsuu&#39;*=</strong></span> 
     </span>
     <span class='ocr_line' id='line_1_35' title="bbox 57 2576 899 2657; baseline -0.019 -26"><span class='ocrx_word' id='word_1_228' title='bbox 57 2596 119 2632; x_wconf 84' lang='lat' dir='ltr'><strong>cum</strong></span> <span class='ocrx_word' id='word_1_229' title='bbox 130 2581 252 2633; x_wconf 79' lang='lat' dir='ltr'><strong>exercita</strong></span> <span class='ocrx_word' id='word_1_230' title='bbox 262 2583 395 2657; x_wconf 80' lang='lat' dir='ltr'><strong>saturum</strong></span> <span class='ocrx_word' id='word_1_231' title='bbox 405 2581 436 2638; x_wconf 83' lang='lat' dir='ltr'><strong>s&#39;o</strong></span> <span class='ocrx_word' id='word_1_232' title='bbox 446 2579 618 2636; x_wconf 77' lang='lat' dir='ltr'><strong>Macedonia</strong></span> <span class='ocrx_word' id='word_1_233' title='bbox 630 2594 703 2631; x_wconf 79' lang='lat' dir='ltr'><strong>ease:</strong></span> <span class='ocrx_word' id='word_1_234' title='bbox 724 2576 762 2625; x_wconf 69' lang='lat' dir='ltr'><strong>aa</strong></span> <span class='ocrx_word' id='word_1_235' title='bbox 774 2581 852 2622; x_wconf 77' lang='lat' dir='ltr'><strong>curn,</strong></span> <span class='ocrx_word' id='word_1_236' title='bbox 870 2576 899 2605; x_wconf 57' lang='lat' dir='ltr'><strong>t*</strong></span> 
     </span>
    </p>
   </div>
   <div class='ocr_carea' id='block_1_3' title="bbox 55 2633 922 2781">
    <p class='ocr_par' dir='ltr' id='par_1_4' title="bbox 55 2633 922 2781">
     <span class='ocr_line' id='line_1_36' title="bbox 55 2633 922 2767; baseline -0.04 -65"><span class='ocrx_word' id='word_1_237' title='bbox 55 2650 257 2719; x_wconf 74' lang='lat' dir='ltr'><strong>satisfaceretis</strong></span> <span class='ocrx_word' id='word_1_238' title='bbox 267 2653 361 2714; x_wconf 67' lang='lat' dir='ltr'><strong>antino</strong></span> <span class='ocrx_word' id='word_1_239' title='bbox 373 2664 456 2725; x_wconf 78' lang='lat' dir='ltr'><strong>esset,</strong></span> <span class='ocrx_word' id='word_1_240' title='bbox 476 2654 612 2713; x_wconf 76' lang='lat' dir='ltr'><strong>mitteret</strong></span> <span class='ocrx_word' id='word_1_241' title='bbox 620 2652 755 2767; x_wconf 44' lang='lat' dir='ltr'><strong>RQ*</strong></span> <span class='ocrx_word' id='word_1_242' title='bbox 789 2633 922 2684; x_wconf 73' lang='lat' dir='ltr'><strong>Romam</strong></span> 
     </span>
     <span class='ocr_line' id='line_1_37' title="bbox 84 2717 329 2781; baseline -0.024 -16"><span class='ocrx_word' id='word_1_243' title='bbox 84 2720 113 2765; x_wconf 84' lang='lat' dir='ltr'><strong>T.</strong></span> <span class='ocrx_word' id='word_1_244' title='bbox 127 2717 190 2770; x_wconf 79' lang='lat' dir='ltr'><strong>er.</strong></span> <span class='ocrx_word' id='word_1_245' title='bbox 205 2722 279 2777; x_wconf 54' lang='grc' dir='ltr'><strong>ΤΟΜ,</strong></span> <span class='ocrx_word' id='word_1_246' title='bbox 292 2725 329 2781; x_wconf 40' lang='grc' dir='ltr'><strong>γ’</strong></span> 
     </span>
    </p>
   </div>
   <div class='ocr_carea' id='block_1_4' title="bbox 0 0 935 2994">
    <p class='ocr_par' dir='ltr' id='par_1_5' title="bbox 0 0 935 2994">
     <span class='ocr_line' id='line_1_38' title="bbox 0 0 935 2994; baseline 0 0"><span class='ocrx_word' id='word_1_247' title='bbox 0 0 935 2994; x_wconf 95' lang='lat' dir='ltr'><strong> </strong></span> 
     </span>
    </p>
   </div>
  </div>
 </body>
</html>
