1860 2994
19 62 163 115 LraXL.
175 65 303 117 cinus.
314 64 358 121 29.
375 66 455 134 [U.C.
466 66 555 133 571.A
569 67 676 135 Cain]
711 66 745 121 u1

19 188 91 225 ruine
102 188 210 236 nomon,
222 175 366 226 obsidibus
380 174 463 236 datis,
474 176 503 225 iu
515 175 650 226 ditionem
660 177 745 227 venit.

21 249 150 295 rnatores
161 250 318 311 nautaeque
330 244 488 312 conquisiti,
509 244 556 310 qui
566 245 746 310 praedatores

19 319 60 363 ent
72 312 195 375 navibus,
211 320 294 382 utque
306 312 401 366 omnes
412 315 441 364 in
452 313 607 364 custodiam
618 315 747 365 coniecti.

19 382 50 433 G.
61 382 189 435 Matieno
204 383 353 436 duumviro
369 399 453 435 nares
466 384 525 434 eius
541 383 650 449 generis
659 384 689 434 in
700 384 747 436 Li,

19 466 55 503 rra
65 466 116 503 ora
125 452 242 518 triginta
253 453 324 504 duae
337 457 434 519 captae
444 458 517 505 sunt.
533 455 611 506 llaec
623 454 670 518 qui
680 469 748 503 uun·

19 524 56 584 rt,
77 521 228 589 literaeque
245 523 282 575 ad
297 529 424 575 senatum
434 521 554 584 ferrent,
573 522 746 575 monronis

19 606 39 652 r,
60 590 90 643 G.
102 590 243 657 Sulpicius
254 592 354 644 Gallus
363 593 481 644 Romam
492 591 585 656 missi3
605 591 747 659 simulque

18 665 75 722 ent,
95 666 128 711 ut
139 661 171 714 L.
182 662 301 714 Aemilio
314 661 441 714 confecta
451 661 596 728 provincia
604 660 748 723 decedere,

19 728 118 783 rluccre
130 745 225 783 secum
236 732 341 785 milites
360 732 474 795 liceret,
494 738 580 799 utque
595 730 746 783 dimittere.

19 814 93 866 nque
108 801 273 866 permissum
293 803 327 855 ab
343 808 457 864 senatu,
478 806 507 852 et
526 800 696 867 supplicatio
711 798 747 851 ad

19 883 35 919 a
59 871 218 935 pulvinario
241 886 293 938 per
316 872 442 923 triduum
462 869 590 923 decretu:
620 869 747 936 iussique

19 952 99 1000 ores,
115 938 244 991 Petillios
254 942 374 992 urbanus
386 940 528 992 dimittere
537 938 677 1007 legiones,
695 940 748 991 Fu·

19 1007 99 1059 rociis
111 1013 194 1072 atque
206 1009 313 1060 nomini
323 1009 425 1060 Latino
436 1010 581 1061 remittere
593 1008 746 1061 delectum:

31 1083 148 1143 praetor
158 1079 281 1129 urbanus
293 1077 453 1128 consulibus
464 1077 607 1138 scriberet,
621 1082 748 1129 sonetum

19 1162 59 1197 rm
70 1158 194 1209 censere,
214 1146 370 1201 subitarios
378 1146 494 1209 milites,
514 1146 653 1199 tumultur
665 1160 749 1201 caute

19 1218 121 1281 triptos,
132 1217 222 1282 primo
232 1231 343 1283 quoque
352 1221 480 1282 tempore
491 1215 606 1267 dimitti.

19 1283 94 1337 XlX.
112 1285 230 1338 colonia
242 1285 393 1339 Graviscae
404 1300 439 1337 eo
450 1299 523 1336 anno
534 1283 655 1339 deducta
665 1284 748 1338 estin

19 1368 38 1407 u
52 1354 216 1416 Etruscum,
236 1354 272 1409 do
283 1354 531 1420 Tarquiniensibus
547 1354 687 1421 quondam
703 1370 747 1409 ce·

19 1460 25 1474 .
48 1422 140 1485 Quina
151 1424 249 1492 iugera
259 1425 321 1492 agri
331 1422 408 1477 data.
424 1424 551 1477 Tresviri
561 1423 747 1487 deduxerunt,

19 1492 146 1558 lpurnius
158 1494 239 1556 Piso,
260 1493 290 1547 P.
302 1494 436 1549 Claudius
446 1492 579 1555 Pulcher,
602 1496 631 1546 c.
644 1497 748 1545 Teren-

20 1569 88 1615 stra.
118 1562 251 1617 siccitate
261 1570 291 1617 et
299 1564 398 1630 inopia
409 1562 519 1629 frugum
531 1563 648 1629 insignis
659 1576 746 1613 annus

39 1629 95 1685 Sex
105 1648 215 1685 meuses
226 1649 365 1700 nunquam
380 1631 503 1698 pluisse,
522 1631 674 1681 memoriae
684 1643 746 1695 pro-

19 1716 28 1751 r
45 1708 97 1756 est.
133 1702 241 1757 Eodem
257 1718 330 1755 anno
347 1702 375 1752 in
392 1714 462 1767 agro
472 1699 505 1750 L.
516 1698 625 1749 Petillii
639 1700 746 1751 scribae

19 1770 135 1835 uuiculo,
150 1771 214 1827 dum
226 1772 348 1825 cultores
360 1770 422 1837 agri
433 1769 518 1821 ultius
530 1767 683 1820 moliuntur
692 1773 746 1821 ter·

30 1839 102 1892 duae
112 1842 245 1907 lapideae
255 1857 350 1904 areae,
366 1847 483 1895 octonos
495 1838 583 1891 ferme
593 1839 678 1906 pedes
688 1839 746 1891 lorr-

19 1915 161 1975 puatornos
171 1912 257 1974 latae,
266 1913 396 1964 inventae
405 1915 479 1971 suut,
486 1911 625 1976 operculis
632 1909 745 1977 plumbo

19 1982 85 2031 ictis.
122 1979 229 2031 Literis
241 1981 352 2031 Latinis
366 1981 536 2044 Graecisque
552 1985 668 2047 utraque
680 1992 747 2032 arca

19 2050 159 2113 iptaerot3
180 2051 211 2100 iu
232 2051 325 2103 altera
336 2049 453 2101 Numam
464 2048 647 2115 Pompilium,
666 2050 747 2101 Pom·

30 2118 132 2179 tilium,
154 2133 250 2185 regern
262 2119 458 2179 Romanorum,
471 2120 612 2184 sepultum
624 2134 697 2182 esse;
716 2118 746 2168 in

19 2187 129 2243 alibros
135 2186 243 2241 Numae
249 2188 382 2253 Pompilii
392 2189 491 2239 inesse.
508 2189 564 2239 Eas
578 2203 656 2240 arens
662 2201 746 2255 quum

19 2257 141 2313 uicorum
153 2259 292 2310 sententia
303 2258 429 2308 dominus
442 2259 610 2322 aperuisset,
629 2272 700 2324 quoe
711 2256 746 2306 ti-

19 2342 29 2381 ι
45 2326 150 2391 sepulti
169 2328 244 2394 regis
261 2325 408 2388 habuerat,
432 2326 523 2377 inanis
537 2328 663 2387 inventa,
685 2325 746 2375 sine

19 2396 128 2462 ‚astigia
140 2398 266 2462 corporis
277 2395 403 2457 humani,
420 2402 469 2447 aut
478 2397 563 2447 ullius
575 2397 630 2456 rei,
644 2409 693 2459 per
704 2399 746 2442 ta·

19 2470 56 2515 tot
67 2480 201 2517 annorum
213 2467 339 2517 omnibus
351 2465 519 2536 absumptis.
546 2466 587 2518 ln
594 2465 693 2515 altera
703 2459 766 2506 nno

19 2550 43 2594 s,
66 2535 187 2586 candolis
201 2537 336 2603 involuti,
360 2547 503 2609 septenos
519 2537 660 2592 lralrucrc
669 2528 791 2582 tronus,

19 2607 222 2672 *tegrosnrodq
232 2610 289 2665 sed
298 2615 523 2673 recentissima
533 2603 651 2680 specie.
669 2595 806 2661 aequem
