1860 2994
74 164 127 218 314
223 164 256 215 r.
274 157 385 213 mvn
402 157 557 227 memet.
575 154 651 210 nc.
664 152 734 225 ee]
785 214 790 227 ,

76 343 187 402 misisse,
196 356 249 392 non
260 340 298 391 acl
307 341 391 391 ullam
400 336 485 389 aliem
494 352 566 402 rem,
587 352 667 407 puros
682 338 721 390 uel
756 356 836 395 crees
849 356 878 395 se
917 358 921 393 :

75 410 227 464 imminenti
241 408 365 476 periculo
379 406 555 475 eripientem.
590 408 659 460 Cum
675 405 731 460 hoe
744 422 877 478 responso
917 422 921 449 t

77 482 187 548 legatos
197 479 334 529 dimissos.

132 548 179 600 lV.
199 548 253 598 l'er
262 545 374 598 cosdem
385 545 444 598 dies
456 551 485 597 et
495 545 535 597 M.
546 545 714 611 Marcellus,
730 564 767 601 ex
778 549 880 616 proria·

79 621 123 673 cia
133 615 268 683 Hispania
278 613 429 679 decedens,
449 614 602 667 Marcolica
611 616 700 669 nobili
712 620 783 671 urbe
796 624 882 687 eapte,

79 690 176 740 decem
187 683 365 751 ponderum,
388 690 418 737 et
433 685 545 753 argenti
560 686 595 737 ad
609 701 747 738 summam
761 686 882 743 sestertii

79 755 480 808 deciesiuaerariumretulit.
507 754 621 807 Paullus
631 756 770 809 Aemilius
781 756 883 821 consul,
918 774 922 829 ς

79 840 164 894 quum
175 831 283 889 castra,
304 831 337 876 ut
352 840 438 892 supra
453 824 556 877 dictum
572 831 632 889 est,
652 827 689 879 ad
699 826 780 879 Sires
794 832 883 881 terrae

80 895 282 948 Odomanticae
293 893 424 957 haberet,
443 909 527 961 quum
542 895 640 947 literas
655 897 691 947 ab
705 910 774 964 rege
785 897 882 950 Perseo

80 981 132 1033 per
146 965 285 1031 ignobiles
298 970 356 1017 tres
372 964 483 1031 legatos
499 970 638 1027 cerneret,
660 970 689 1018 et
706 967 769 1032 ipse
784 964 885 1019 illacri-
920 968 924 977 '

81 1049 173 1086 masse
184 1034 369 1087 dicitursorti
379 1031 527 1086 humanae:
546 1035 628 1101 quod,
644 1035 691 1101 qui
701 1036 802 1102 paullo
815 1040 882 1098 aute

82 1120 138 1155 uon
151 1110 296 1157 contentus
306 1118 393 1172 reguo
402 1103 751 1168 Macedoniae,Dardauoe
761 1106 798 1157 lll
837 1106 884 1158 'oe

84 1190 137 1241 que
148 1180 347 1243 oppugnasset,
358 1173 557 1239 Bastarnarum
568 1175 718 1226 excivisset
727 1177 794 1228 aux⁸
810 1175 853 1240 ia,
863 1175 884 1225 is
920 1196 924 1201 ·

84 1249 154 1306 tum,
165 1244 267 1295 emisso
279 1244 417 1307 exercitu,
429 1244 550 1295 extorris
560 1258 660 1312 regno,
679 1245 709 1294 in
721 1260 838 1312 parvam
847 1244 885 1295 iu·

84 1313 175 1365 sulam
186 1313 358 1379 compulsus,
369 1312 501 1381 supplex,
516 1311 576 1364 faui
586 1312 737 1381 religione,
757 1329 815 1367 uon
825 1313 885 1366 viri·

83 1380 136 1431 bus
146 1381 213 1443 suis,
223 1387 300 1433 tutus
312 1386 394 1433 esset.
431 1381 487 1434 Sed
498 1389 657 1449 postquam,
668 1382 773 1452 Regem
784 1384 886 1437 Perses

84 1450 189 1501 consuli
199 1450 300 1502 Paullo
312 1453 438 1513 salutem,
452 1451 536 1518 legit;
556 1453 765 1505 miserationem
778 1467 886 1505 omnem

84 1518 208 1569 stultitia
219 1519 374 1585 ignorantie
387 1519 529 1572 fortunam
544 1538 622 1574 suam
643 1525 755 1575 excutit.
792 1525 886 1590 ltaque

84 1602 239 1654 quanquam
251 1591 279 1640 in
291 1589 401 1658 reliqua
412 1600 492 1658 parte
502 1593 647 1645 literarum
665 1592 780 1645 minime
795 1593 887 1661 regiae

84 1672 181 1722 preces
193 1665 287 1722 eraut,
306 1667 399 1713 tamen
409 1665 470 1715 sine
481 1679 524 1715 res
546 1679 612 1714 on=⁰
624 1680 657 1706 ⁰⁰
672 1663 733 1705 οὒκ
748 1664 842 1709 literis
857 1671 887 1710 0⁸

84 1727 382 1792 legatiodimieeaess.
417 1732 510 1775 fleant
543 1740 650 1786 crocus,
671 1724 752 1777 culus
770 1726 886 1779 nominis

86 1795 305 1846 obliuiscendum
316 1792 392 1843 ricto
403 1798 490 1844 esset:
500 1793 594 1860 itaque
606 1795 885 1848 alteraeliteraecum

84 1862 186 1931 privati
195 1863 315 1918 uonriuis
326 1861 410 1914 titulo
421 1862 535 1925 missac,
548 1869 577 1915 et
587 1865 707 1928 petiere,
718 1871 749 1916 et
759 1869 885 1932 impetra·

86 1949 167 1993 vere,
190 1938 222 1983 ut
232 1932 320 1999 aliqui
331 1930 366 1981 ad
377 1946 439 1982 eum
450 1931 643 1994 mitterentur,
663 1948 725 1983 cum
738 1935 841 2002 quibus
851 1936 886 1987 lo·

85 2003 134 2069 qui
144 2002 178 2052 de
188 2007 265 2052 etatu
278 2005 306 2051 et
316 1999 477 2051 conditione
487 2016 554 2052 suae
566 1999 694 2054 fortunae
706 2011 815 2070 posset.
825 2005 887 2057 Mis·

85 2071 111 2121 si
120 2076 184 2121 suut
195 2076 253 2119 tres
266 2068 366 2134 legati,
386 2068 417 2120 P.
428 2068 578 2132 Lentulus,
597 2072 628 2121 Α.
640 2071 805 2127 Postumius
816 2074 886 2128 slli-

85 2154 151 2198 nus,
163 2140 194 2187 A.
204 2138 349 2189 Antonius.
385 2137 463 2189 Nihil
473 2154 506 2190 ea
517 2139 659 2208 legatione
670 2143 827 2208 perfectum
839 2149 887 2207 cst,

85 2206 187 2258 Perseo
198 2207 305 2272 regium
316 2221 416 2259 nomen
427 2209 503 2258 omni
512 2210 541 2261 ri
558 2211 759 2279 amplectente,
781 2214 885 2274 Paullo,

86 2281 117 2327 ut
128 2291 157 2327 ee
169 2289 273 2340 suaque
285 2276 378 2328 omnin
391 2278 421 2328 in
443 2277 525 2330 fidem
545 2285 574 2333 et
595 2282 772 2336 clementiam
792 2282 890 2354 populi

87 2344 203 2398 Romani
214 2347 397 2410 permitteret,
408 2348 553 2402 tendente.

137 2413 171 2466 V.
190 2414 262 2467 Dum
274 2414 343 2469 haec
354 2424 488 2486 aguntur,
499 2419 597 2471 classis
608 2421 658 2473 Cu.
670 2422 782 2475 Octavii
793 2421 885 2476 Samo·

83 2484 210 2537 thra'cum
221 2492 264 2537 est
274 2488 399 2553 appulsa.
434 2488 461 2539 ls
474 2505 595 2558 quoque,
613 2492 756 2558 praesenti
772 2494 884 2545 admoto

84 2562 200 2619 terrore,
210 2555 293 2608 modo
305 2559 397 2622 minis,
408 2558 491 2610 modo
503 2575 552 2627 spe
561 2560 699 2627 pellicere,
709 2566 783 2615 utsc
793 2562 885 2616 trade·

71 2635 134 2692 ret,
158 2644 247 2700 quum
259 2620 430 2696 bonareiun
449 2629 562 2680 animle
570 2631 607 2680 'uu
612 2627 673 2677 uec
684 2643 749 2676 cim
758 2644 827 2687 aes,
839 2646 890 2678 eeu

61 2713 135 2753 cusu
150 2710 318 2778 contrecta,
330 2720 387 2762 scu
395 2701 536 2760 consilio.
549 2696 591 2750 ln
602 2690 837 2748 hffimllluaixit
842 2692 906 2739 aas·
