1860 2994
84 289 102 343 A
224 288 258 339 T.
279 283 387 339 [Avlt
407 280 452 353 [U
463 285 492 336 C.
505 284 562 336 565.
584 284 739 355 A.C.187.]

83 393 250 453 Flaminius)
261 390 496 442 omnesAemilius
506 389 626 456 subegit,
634 405 764 457 armaque
776 391 892 457 ademit,

85 463 168 515 etde
188 461 330 511 montibus
355 462 384 511 in
405 475 518 526 campos
537 459 745 511 multitudinem
765 458 892 513 deduxit.

84 532 195 583 Pacatis
217 531 386 599 Liguribus,
405 530 435 582 in
456 545 553 597 agrum
573 528 715 581 Gallicum
736 530 891 582 exercitum

84 601 177 651 duxit:
198 601 327 667 viamque
338 600 372 651 ab
385 600 542 661 Placentia,
558 606 590 650 ut
601 599 755 651 Flaminiae
765 599 895 651 commit·

84 676 167 731 teret,
179 671 332 721 Ariminum
345 669 475 736 perduxit
513 670 626 721 Proelio
639 668 749 730 ultimo,
762 682 817 734 quo
830 684 894 720 eum

83 739 237 807 Liguribus
249 740 338 806 signis
350 738 464 791 collatis
475 737 614 802 conflixit,
625 739 722 790 aedem
732 738 833 789 lunoni
842 738 894 792 lle·

84 809 166 875 ginae.
178 810 265 861 vovit.
301 809 418 861 Haecin
430 809 581 876 Liguribus
593 824 627 861 eo
638 823 710 859 anno
722 813 813 876 gesta.

136 878 184 930 lli.
203 879 233 929 ln
244 878 338 930 Gallia
347 878 386 930 M.
398 878 497 930 Furius
509 884 624 946 praetor
635 877 793 928 insontibus
806 877 893 930 Ceno·

84 948 182 1009 manis,
195 948 222 997 in
235 963 304 1015 pace
315 948 434 1015 speciem
446 947 516 999 belli
527 963 675 1015 quaerens,
693 947 838 1009 ademerat
850 962 893 999 ιιι·-

84 1031 137 1068 ιιιιι.
174 1016 205 1068 ld
218 1018 368 1070 Cenomani
383 1017 527 1083 conquesti
538 1019 641 1070 Romae
659 1016 733 1084 apud
754 1022 893 1081 senatum,

82 1087 236 1153 reiectique
247 1087 281 1138 ad
293 1087 435 1138 consulem
445 1086 607 1147 Aemilium,
618 1087 680 1148 cui,
696 1093 729 1137 ut
740 1101 892 1152 cognosce·

7 1170 15 1185 ·
82 1163 127 1208 ret
138 1162 347 1223 statueretque,
367 1162 481 1208 senatus
493 1156 669 1224 permiserat,
690 1170 793 1224 magno
803 1162 891 1209 certa·

82 1227 158 1277 mine
171 1242 233 1277 cum
244 1232 374 1294 praetore
384 1225 491 1287 habito,
502 1233 651 1279 tenuerunt
662 1241 783 1278 eausam.
807 1228 892 1278 Arma

82 1296 200 1349 reddere
212 1297 391 1359 Cenomanis,
409 1296 544 1350 decedere
556 1297 702 1362 provincia
713 1301 827 1361 praetor
836 1296 892 1347 ius·

82 1381 139 1418 sus.
176 1367 292 1435 [legatis
309 1366 408 1419 deinde
423 1367 561 1416 sociorum
576 1365 671 1416 Latini
687 1365 823 1428 nominis,
844 1367 893 1433 qui

82 1441 145 1486 toto
158 1436 279 1501 undique
290 1449 324 1485 ex
336 1434 417 1485 Latio
431 1434 590 1500 frequentes
603 1441 802 1497 convenerant,
814 1450 893 1487 sena·

83 1510 130 1555 tus
142 1503 223 1554 datus
234 1510 286 1555 est.
323 1504 375 1553 llis
388 1503 581 1567 querentibus,
596 1520 724 1573 magnam
736 1504 893 1556 multitudi-

83 1589 147 1626 nem
157 1575 259 1624 civium
270 1587 381 1623 snorum
394 1574 506 1623 Romam
520 1575 726 1642 commigrasse,
738 1580 766 1626 et
777 1575 819 1626 ibi
830 1591 893 1626 cen-

84 1659 132 1697 sos
144 1657 213 1704 esse,
224 1642 258 1704 Q.
269 1641 404 1693 Terentio
416 1641 543 1693 Culleoni
557 1646 680 1710 praetori
692 1645 833 1711 negotium
845 1644 893 1696 da·

84 1720 144 1766 turn
157 1718 208 1774 est,
220 1718 251 1762 ut
264 1726 311 1763 eos
323 1712 513 1778 conquireret,
525 1717 567 1775 et,
579 1729 660 1780 quem
673 1716 702 1765 C.
714 1714 842 1776 ctauuio,
852 1713 894 1765 M:

85 1783 167 1835 Lirin
179 1781 349 1843 censoribus,
360 1788 459 1847 postve
469 1797 518 1834 eos
529 1797 673 1845 censores,
692 1784 784 1850 ipsum
793 1799 893 1850 paren-

85 1859 179 1905 temve
190 1852 248 1904 eins
260 1852 334 1917 apud
346 1866 377 1903 ae
388 1868 499 1904 censum
510 1867 580 1915 esse,
590 1855 755 1919 probassent
766 1854 849 1916 socii,
860 1858 893 1905 nt

86 1922 181 1975 redire
193 1938 227 1974 eo
239 1927 365 1988 cogeret,
386 1923 435 1974 ubi
448 1926 521 1976 censi
533 1929 635 1976 essent.
670 1924 733 1972 Hac
753 1923 893 1987 conquisi-

86 1995 166 2043 tione
184 1991 327 2041 duodecim
344 1992 434 2041 miliia
445 1993 608 2042 Latinorum
625 1990 724 2041 domos
739 1989 892 2054 redierunt,

87 2061 144 2112 iam
155 2066 213 2110 tum
222 2057 401 2110 multitudine
412 2059 629 2126 alienigenarum
642 2058 736 2109 urbem
748 2064 891 2113 onerante.

140 2128 187 2181 lV.
207 2126 368 2194 Priusquam
389 2128 516 2179 consules
543 2128 668 2179 redirent
686 2127 803 2179 Romam
814 2165 823 2191 ,
851 2129 891 2183 M.

87 2197 200 2250 Fulvius
212 2195 360 2262 proconsul
372 2211 406 2248 ex
416 2197 528 2249 Aetolia
537 2197 636 2248 rediit:
646 2197 736 2265 isque,
746 2197 781 2248 ad
794 2197 889 2250 aedem

87 2266 224 2333 Apollinis
235 2267 264 2316 in
276 2271 374 2318 senatu
385 2282 466 2333 qunm
478 2266 604 2319 derebus
616 2267 644 2317 in
654 2267 766 2319 Aetolia
775 2266 891 2333 Cephal-

87 2336 216 2402 leniaque
227 2337 261 2388 ab
272 2351 302 2387 se
313 2336 400 2402 gestis
410 2336 605 2398 disseruisset,
627 2337 710 2402 petiit
726 2336 892 2399 aPatribus‚

88 2412 121 2457 ut
132 2420 248 2471 aequum
258 2411 411 2467 censerent,
423 2406 458 2457 ob
470 2405 669 2471 rempublicam
680 2408 749 2459 bene
759 2421 792 2457 ac
804 2405 892 2456 felici·

88 2482 132 2527 tor
143 2480 263 2540 gestam,
286 2481 313 2527 et
324 2474 376 2525 diis
385 2475 590 2527 immortalibus
599 2473 732 2528 bonorem
744 2473 840 2526 haberi
851 2475 891 2525 iu-

87 2546 168 2606 bere,
184 2550 212 2595 et
224 2545 278 2595 sibi
288 2543 457 2610 triumphum
469 2545 625 2597 decernere.
661 2545 700 2598 M.
713 2544 832 2599 Aburius
843 2547 891 2594 tri·

88 2618 178 2669 bnnus
189 2613 292 2680 plebis,
307 2614 330 2665 si
343 2614 405 2680 quid
417 2614 536 2666 decane
548 2620 612 2667 ante
622 2615 661 2667 M.
672 2615 782 2668 Aemilii
795 2629 893 2665 consu·

90 2686 126 2736 lis
138 2684 287 2736 adventum
299 2683 506 2746 decerneretur,
527 2686 744 2737 intercessurum
754 2700 785 2736 se
801 2691 891 2737 osten·

88 2756 148 2827 dit:
167 2771 226 2805 eum
238 2754 421 2807 contradicere
432 2756 506 2817 velle,
513 2754 781 2824 proficiscentemque
792 2754 820 2807 in
828 2772 892 2823 pro-

66 2819 252 2872 eanes‘ame‘ta
258 2823 487 2895 nds’mandasse,
507 2833 540 2881 ut
551 2842 583 2882 ta
602 2825 765 2897 disceptatio
781 2824 891 2894 integra
