1860 2994
54 127 129 181 Lrs.
140 126 207 181 XL.
226 129 299 187 Cre.
311 126 353 181 39.
364 126 408 181 to.
420 124 724 196 [U.C.572.A.C.180.]
759 122 811 179 loa

11 226 46 287 ia
54 232 189 303 saumae
198 233 300 301 spolia,
308 232 425 285 Romam
436 233 473 285 ad
484 230 653 300 triumphum
663 231 812 284 delaturos.

11 304 89 355 .’lura
106 303 161 354 dici
180 309 291 370 tempus
311 317 367 354 non
387 302 555 369 petiebatur.
591 298 763 357 invehebant
782 314 814 352 se

11 379 107 437 nostes,
112 378 141 425 et
152 373 180 423 in
185 373 317 439 mantibus
328 372 460 425 extremis
471 372 528 425 iam
535 372 724 439 pugnabatur:
737 369 814 423 dein·

11 442 40 497 le
50 443 128 496 acies
139 448 347 495 concurrerunt.

31 504 116 565 Ἧι.
134 515 221 565 Atrox
234 513 338 580 ubique
357 513 509 580 proelium,
527 511 578 564 sed
597 513 675 563 varia
695 508 811 563 fortuna

11 588 73 635 irat.
108 581 228 649 Egregie
239 583 377 650 legiones,
399 597 452 635 nac
468 582 581 649 segnius
596 580 669 633 duae
685 580 747 633 ulae
761 595 812 647 pu·

11 653 140 720 mabout3
151 657 266 704 externa
276 653 383 704 auxilia
393 653 429 704 ab
439 652 526 704 simili
535 658 687 713 armatura,
693 650 812 703 meliore

11 722 174 788 diquantum
185 722 305 774 militum
318 737 432 790 genere,
452 722 637 788 urgebantur,
657 720 813 773 ueclocum

11 790 77 843 uari
87 796 226 856 poterant.
263 792 407 854 Celtiberi,
416 791 464 843 ubi
475 791 605 843 ordinata
614 790 675 842 ucie
686 796 715 841 et
725 788 813 859 signis

11 860 116 913 tollatis
126 876 157 913 se
169 876 224 913 non
236 876 297 914 esse
307 877 389 928 pares
396 860 555 929 legionibus
562 864 812 922 senseruntcuneo

12 930 212 997 reprensionem
224 929 360 984 fecerunt.
397 933 459 993 Quo
472 936 581 982 tantum
596 930 693 985 valent
709 942 814 995 genera

11 1014 127 1067 pugnae,
148 1004 194 1061 ut,
215 1015 322 1067 quacun
340 1015 376 1051 ue
387 1006 468 1066 parte
478 998 624 1066 perculere
633 1000 742 1065 impetu
751 1011 813 1060 suo,

11 1068 136 1123 urslineri
147 1074 293 1136 nequeant.
354 1082 527 1135 unoquoque
542 1069 673 1121 turbatae
687 1067 814 1136 legiones

11 1144 82 1203 tunt,
104 1138 458 1205 propeinterruptaacies.
495 1137 586 1198 Quam
596 1136 816 1206 trepidationem

11 1210 52 1265 sbi
60 1207 179 1260 Flaccus
191 1208 345 1273 conspexit,
357 1222 428 1276 equo
440 1204 586 1261 advehitur
597 1207 633 1259 ad
643 1206 816 1273 legionarios

11 1279 127 1348 equites:
147 1283 189 1340 et,
210 1276 321 1345 Ecquid
330 1278 433 1332 scabii
442 1278 472 1331 io
482 1277 556 1329 calis
567 1277 626 1331 cst?
644 1277 746 1330 Actum
760 1274 817 1329 ism

11 1352 35 1403 lc
49 1347 102 1401 boc
116 1347 240 1401 exercitu
256 1347 328 1401 crit?
350 1349 442 1411 Quum
456 1347 581 1415 undique
603 1346 817 1410 acclamassent,

11 1417 80 1485 Quia
92 1418 198 1483 ederet,
217 1415 284 1484 quill
294 1417 458 1499 perivoliis
479 1435 532 1472 non
543 1415 818 1488 segniterimperium

11 1495 196 1543 exsecuturos.-
216 1486 366 1554 Dupltcote
386 1498 492 1542 turmas
499 1526 507 1553 ‚
528 1489 631 1555 inquit,
652 1488 818 1541 duarumle·

11 1557 116 1629 giacum
125 1557 270 1627 aquileam
275 1558 430 1625 permittite
440 1575 521 1625 equos
530 1558 560 1611 in
570 1558 819 1619 cuneusabostium,

11 1644 58 1695 ruo
68 1638 174 1682 nostros
184 1637 294 1698 urgeat.
322 1629 356 1682 ld
365 1645 425 1682 cum
436 1629 540 1687 maiore,
550 1628 577 1679 si
588 1644 715 1695 equorum
727 1626 819 1698 facie·

11 1698 58 1760 tis,
78 1697 103 1749 si
113 1697 263 1768 effrenatos
274 1697 303 1749 iu
314 1714 357 1752 eos
369 1714 448 1764 equos
458 1697 623 1749 immittitis:
646 1698 718 1763 quod
736 1709 818 1762 saepe

11 1767 143 1821 Romanos
161 1768 338 1838 equitassem
354 1784 455 1836 magua
471 1768 550 1818 leode
567 1767 669 1836 fecisse
685 1781 747 1826 soe,
767 1780 820 1815 mc·

11 1838 111 1892 moriae
120 1839 262 1906 proditum
273 1846 322 1890 est.
357 1837 442 1888 Dicto
453 1840 613 1904 paruerunt,
627 1834 819 1901 detractisque

11 1909 94 1961 irenis
105 1908 148 1960 bis
159 1909 234 1961 ultro
246 1909 371 1974 citroque
384 1922 445 1958 cum
458 1921 562 1974 magna
573 1911 670 1973 strage
686 1903 819 1967 hostium,

11 1977 134 2030 infractis
146 1979 274 2030 omnibus
285 1976 372 2028 hastis
379 2013 387 2039 ,
400 1983 633 2029 transcurrerunt.
670 1977 818 2043 Dissipato

11 2063 108 2110 cuneo,
123 2048 151 2098 in
162 2063 217 2116 quo
228 2048 317 2099 omnis
329 2062 392 2113 spos
402 2045 510 2110 fuerat,
522 2047 656 2099 Celtiberi
667 2047 820 2114 trepidare,

11 2124 45 2180 et,
55 2133 142 2185 prope
153 2117 257 2169 omissa
268 2132 374 2184 pugna,
395 2116 488 2169 locum
499 2117 584 2184 fugae
595 2118 817 2183 circumspicere.

11 2189 44 2240 Et
64 2188 148 2239 alarii
167 2187 292 2254 equites,
311 2191 460 2253 postquam
483 2188 670 2238 Romanorum
693 2187 819 2252 equitum

11 2263 65 2308 tam
77 2257 258 2309 memorabile
270 2257 378 2309 facinus
389 2257 709 2323 videre,etipsi,virtute
721 2268 818 2308 eorum

11 2328 129 2389 accensi,
136 2327 195 2379 sine
205 2327 290 2378 ullius
300 2327 415 2393 imperio
427 2327 455 2376 iu
466 2329 643 2393 perturbatos
655 2329 712 2380 iam
722 2326 818 2376 hostes

11 2412 95 2464 equos
105 2397 271 2448 immittunt.
306 2398 386 2447 Tune
398 2412 464 2447 vero
476 2397 609 2451 Celtiberi
625 2413 720 2449 omnes
735 2396 763 2445 in
776 2393 818 2442 iu·

11 2481 72 2533 gam
94 2467 288 2528 effunduntur,
310 2471 339 2517 et
360 2466 515 2531 imperator
526 2469 679 2528 Romanus,
702 2477 820 2514 aversos

11 2536 104 2585 bostes
115 2536 345 2600 comtemplatus,
359 2536 458 2590 aedem
468 2529 841 2602 Fortunuelbouestr'xsxb·

11 2606 89 2668 rique
101 2604 211 2668 Optimo
221 2605 349 2659 Maximo
361 2607 449 2663 ludos
465 2612 563 2665 vovit.
599 2604 779 2661 Caeuuutxw
789 2592 855 2642 m·

11 2671 83 2721 iberi
90 2685 147 2735 per
159 2678 252 2727 totum
265 2677 380 2736 saltum
406 2683 557 2756 dissipati
577 2682 668 2747 iuga.
700 2669 832 2721 mm
850 2673 855 2695 ¹
