1860 2994
139 130 758 204 manaremus.[o.c.5aaa.c.1a7.]
799 137 850 191 soe

47 212 850 231 m*

43 253 78 292 eo
91 237 136 289 die
148 236 276 289 daturum
287 239 419 303 dixisset3
439 241 555 291 biduum
567 240 661 305 petiit,
681 256 734 308 quo
745 243 851 307 templa

43 307 127 361 deum
138 308 288 375 urbemque
300 315 327 360 ot
339 309 463 376 hospites
481 313 640 375 amicosque
650 311 763 363 viseret.
794 312 850 362 Da-

42 385 98 440 tus,
108 378 155 444 qui
167 378 386 430 circumduceret
395 396 464 442 eum,
475 379 506 430 L.
516 378 849 448 CorneliusScipioquac·

43 453 112 510 stur,
133 448 179 513 qui
190 454 218 498 et
229 450 349 514 Capuam
362 450 388 500 ei
401 450 511 501 obviam
522 452 624 501 missus
636 449 740 501 fuerat:
764 458 792 502 et
804 468 848 503 aa·

43 517 101 580 des,
116 532 185 584 quae
196 517 284 584 ipsum
298 520 468 586 comitesque
481 520 540 571 eius
551 521 671 588 benigne
683 519 848 585 reciperent,

42 586 207 639 conductae.
243 588 342 640 Tertio
353 595 418 657 post
429 589 474 641 die
486 595 612 640 senatum
623 589 710 653 adiit;
727 590 849 656 gratula-

42 661 88 709 tus
99 656 245 710 uictoriam
257 664 300 709 est
307 675 315 723 3
336 660 439 711 merita
449 674 500 709 sua
511 658 540 708 in
552 674 585 710 eo
596 659 671 711 bello
684 672 848 711 commemo-

42 725 131 791 ravit3
150 729 245 793 petiit,
268 727 306 780 Ut
316 738 406 780 aotam
418 727 470 779 siaa·
481 730 595 791 solvere,
612 728 715 780 Romae
725 731 755 783 ia
769 728 849 797 Capi·

42 796 109 850 tolio
120 797 207 849 decem
216 797 331 850 maiores
349 796 466 859 hostias,
488 806 516 848 et
524 795 673 850 Praeneste
688 814 769 852 unam
779 801 849 852 For·

42 876 138 929 tunae,
159 867 268 919 liceret.-
287 864 321 918 'ea
337 881 400 919 eata
418 883 472 935 pro
488 866 606 919 uictoria
621 867 718 936 papirii
730 869 849 921 Ronmai

41 951 105 990 etse.
123 935 165 987 Et
175 944 207 986 ut
217 935 334 987 societas
344 952 432 989 secum
443 947 638 998 renovamen·
658 954 778 1007 agerque
788 937 848 1002 siti,

41 1008 74 1058 de
84 1021 149 1074 rege
158 1003 293 1056 Antiocho
304 1015 412 1073 captus,
433 1008 589 1075 quammulti
607 1009 700 1059 datum
714 1026 730 1061 a
745 1011 847 1077 populo

41 1075 165 1128 Romae
179 1075 255 1126 eata
261 1076 442 1143 possiderent,
455 1078 577 1130 daretur.
587 1077 691 1130 Filium
704 1086 847 1145 postremo

41 1145 223 1199 Nicomedem
235 1146 345 1196 senatui
357 1146 570 1198 commendavit.
609 1147 746 1210 Omnium,
760 1147 848 1214 quiin

39 1214 211 1267 Macedonia
221 1215 404 1283 imperatores
420 1216 546 1280 fuerant,
565 1215 662 1268 farore
673 1223 716 1270 est
728 1216 848 1269 adiutus.

40 1287 139 1352 ltaque
157 1291 263 1348 cetera,
286 1301 357 1354 quae
371 1287 496 1353 petebat,
519 1288 718 1353 concessasde
730 1300 797 1355 agro
807 1300 849 1338 re·

41 1369 175 1421 sponsum
187 1361 237 1419 est,
258 1355 380 1425 Legatos
390 1358 493 1409 adrem
504 1357 700 1425 inspiciendam
711 1357 849 1410 vaisseras.

43 1424 75 1476 Si
85 1425 109 1477 is
120 1440 187 1495 ager
197 1425 296 1494 papuli
306 1425 425 1480 Romani
429 1427 546 1500 ficisset,
568 1446 617 1482 nec
629 1427 755 1494 cuiquam
766 1429 850 1481 datus

41 1502 122 1558 esset,
145 1495 333 1565 dignissimam
353 1514 382 1549 ea
401 1499 468 1550 daaa
478 1496 609 1551 Prusiam
627 1497 768 1552 habituras
784 1513 848 1550 esse.

42 1564 73 1618 Si
88 1573 179 1618 autem
189 1563 319 1617 Antiochi
334 1583 386 1618 aaa
401 1567 521 1636 ficisset,
542 1587 570 1621 eo
581 1587 614 1622 ae
630 1570 728 1638 populi
742 1569 848 1635 quidem

38 1634 158 1688 Romani
171 1636 286 1706 sartum
297 1651 447 1702 apparere.-
470 1645 528 1700 aut,
539 1639 563 1689 si
574 1639 654 1691 datus
669 1640 757 1690 Gallis
769 1647 847 1701 esset,

38 1706 177 1778 ignosmre
187 1704 318 1756 Prusiam
330 1705 438 1767 debere,
459 1705 483 1757 si
498 1722 531 1758 ex
549 1707 649 1759 nullius
660 1705 763 1758 iniuria
775 1706 847 1772 quio·

40 1792 121 1846 qaam
132 1774 157 1827 ea'
167 1774 261 1826 datum
272 1776 352 1826 uellet
362 1777 478 1842 papulas
488 1773 634 1829 Romanus.
657 1774 700 1828 Ne
712 1776 757 1828 cui
767 1777 847 1828 detur

40 1845 154 1916 quidem,
163 1853 278 1913 gratam
287 1860 343 1896 esse
355 1845 449 1898 donam
458 1861 546 1912 posse,
567 1847 639 1915 quod
649 1862 716 1907 eum,
734 1845 781 1913 qui
792 1847 847 1910 det,

38 1914 85 1970 abi
102 1917 193 1977 vellet,
215 1914 370 1967 ablaturum
392 1932 446 1967 esse
466 1915 544 1967 seiae
579 1915 675 1967 Facile
694 1914 847 1968 Nicomedis

39 1984 293 2039 commendationem
309 1984 440 2053 accipere.
473 1985 584 2050 Quanta
595 2002 662 2038 aura
672 2002 767 2055 regum
779 1984 846 2039 arni-

39 2070 133 2112 corum
150 2053 247 2107 liberos
262 2063 374 2107 tueatur
389 2056 667 2124 populosissimam,
688 2059 844 2110 decremento

38 2125 223 2180 Ptolemaeum
236 2123 355 2194 Aegypti
370 2143 461 2193 regem
472 2143 535 2178 esse.
572 2129 638 2178 Cum
649 2125 701 2180 hoc
710 2141 844 2194 responso

37 2194 153 2248 Prusias
165 2199 207 2246 est
219 2193 359 2247 dimissus.
385 2197 503 2249 Munera
514 2197 540 2249 ei
553 2214 587 2251 ex
597 2194 758 2249 *sestertiis
768 2199 845 2249 iussa

39 2265 115 2326 dari,
137 2269 166 2315 et
181 2278 311 2314 rasorum
323 2271 518 2332 argenteorum
532 2267 623 2334 pondo
635 2268 845 2335 quinquaginta.

38 2337 76 2389 ut
97 2333 158 2386 tilio
176 2333 249 2400 regis
262 2334 409 2386 Nicomedi
424 2351 458 2387 ex
476 2353 509 2388 ea
527 2353 634 2389 summa
650 2351 766 2387 minnere
783 2336 846 2386 dari

40 2409 219 2466 censuerunt,
241 2418 276 2455 ex
294 2420 347 2472 qua
357 2405 510 2471 Masgabae
522 2407 580 2458 filio
592 2406 667 2471 regis
678 2405 845 2455 Masinissae

38 2474 105 2528 data
116 2478 222 2526 essent:
243 2478 271 2525 et
288 2481 320 2525 ut
331 2474 461 2528 victimae
473 2477 593 2543 aliaque,
613 2490 683 2540 quae
695 2474 731 2525 ad
741 2475 846 2524 sacrifi·

39 2546 113 2598 cium
125 2543 307 2610 pertinerent,
331 2560 379 2596 seu
390 2545 512 2608 Romae,
529 2542 868 2597 scurissueeeemm-

38 2617 99 2668 lare
110 2614 208 2674 vellet,
224 2616 285 2682 regi
298 2629 333 2667 ex
343 2615 479 2684 publico,
494 2596 914 2698 sicutmag'xsmss'x‘mfflggh

29 2680 129 2748 mm&
139 2682 365 2752 praeberentur:
392 2695 422 2742 et
431 2695 472 2742 ut
482 2704 522 2744 ex
534 2667 844 2745 dasseffiffixfflmss
