1860 2994
269 371 415 417 mestun„
429 369 591 418 nerem).
799 377 810 415 ³

38 473 90 507 com
99 461 202 505 exercitu
216 461 294 505 delete
307 467 362 504 sont
376 474 390 505 e
399 460 518 517 Scipionet
536 460 574 515 qui
583 459 674 503 teedem
683 460 761 504 erlem
770 473 816 517 exp

37 518 117 586 guent
125 518 327 572 septingentesimo
336 530 404 567 eene,
410 531 477 573 quere
485 521 536 561 eret
542 517 641 560 condite.
658 517 787 571 Spoliorum
796 531 817 559 ss

36 587 73 617 ror
83 586 136 630 pers
146 573 236 623 Siculis,
266 575 332 617 uibus
343 574 420 616 ehlote
428 579 499 623 erent,
509 574 606 616 reddite.
637 573 723 615 Ultimo
733 575 795 617 urbis
804 576 824 616 d:

35 630 110 678 cidio,
130 643 196 684 quum
207 643 231 672 se
264 630 370 672 esdruliel
380 628 482 684 Scipioni
491 629 629 678 dedidisset,
644 631 768 678 uxoreius,
785 643 827 683 qiu

36 686 117 741 prucis
126 691 179 729 ente
189 686 268 729 diebus
278 686 395 729 demerito
404 686 525 741 impetrare
532 700 576 728 uon
582 689 696 741 potueret,
705 689 731 725 nt
738 685 766 726 ed
773 687 832 727 victo

36 741 272 794 mtrenetugerent,
282 742 306 784 in
315 741 412 784 medium
420 754 445 784 se
455 741 572 793 degeretis
577 741 640 783 erlis
645 740 782 788 incendium,
790 740 833 780 duo

37 797 81 840 bes
90 811 140 840 cum
148 798 243 847 liberis,
260 811 291 840 ex
305 811 356 840 eree
371 798 538 867 pneripitevit.
568 796 646 850 Scipio
655 796 761 850 exemplo
786 795 840 837 etris

37 852 75 896 eui
84 855 194 896 neturelis
204 854 297 898 Aemilii
304 855 388 904 Peulli,
407 854 446 908 qui
456 852 611 895 llecedoniem
620 853 715 902 eiceret,
734 852 758 894 lu
775 850 844 893 oste·

35 909 78 958 eit,
88 909 264 965 transfugasque
274 923 300 954 ec
308 909 418 964 fugitivos
428 908 509 950 hestiis
518 907 607 950 ohiecit.
638 908 697 950 Belli
705 906 800 950 Achaici
810 910 846 949 se·'

36 964 100 1008 mine
113 965 246 1009 referentur
259 965 328 1009 hoec:
347 965 407 1020 quod
419 964 489 1015 legetl
503 963 582 1016 popnll
591 963 686 1004 Romeni
702 966 730 1006 eh
745 962 845 1006 Acheeie

38 1020 125 1075 pulseti
134 1022 180 1063 sint
189 1021 304 1070 Corinthi,
324 1022 401 1070 missi,
417 1024 443 1061 ut
452 1031 491 1060 ees
506 1019 623 1067 civitetes,
640 1029 697 1071 onec
707 1020 748 1062 suh
759 1020 846 1063 ditione

38 1075 142 1130 Philippi
152 1076 252 1125 tuerent,
260 1077 288 1118 eh
296 1074 395 1119 Acheico
405 1075 501 1117 concilio
511 1078 665 1116 secernerent.

413 1190 659 1260 Lu,

39 1259 109 1335 Cum
120 1286 227 1341 Acheeis,
236 1290 275 1346 qui
285 1289 310 1334 in
319 1290 406 1333 nexilio
414 1290 514 1334 Boeotos
523 1294 548 1334 et
556 1287 718 1334 chelcidensee
728 1289 848 1341 hehebent,

39 1349 69 1397 Q.
80 1346 196 1389 coecilius
206 1347 316 1390 hletellus
331 1347 361 1390 etl
377 1345 544 1403 Thermopylas
558 1348 619 1391 hello
634 1348 749 1391 conflixitr
766 1348 848 1402 quihus

38 1402 121 1453 victis,
140 1404 187 1446 dux
197 1416 274 1446 eorum
284 1403 496 1447 Critoleusveneno
511 1403 554 1446 sihi
564 1408 659 1447 mortem
673 1403 790 1446 conscivit.
819 1401 849 1446 In

37 1459 105 1503 cuius
112 1459 186 1501 locum
196 1458 296 1511 Dieeus,
312 1456 408 1503 Acheiei
419 1464 495 1503 metire
504 1460 589 1515 primus
604 1465 696 1509 euctor,
713 1461 741 1502 eb
750 1458 849 1502 Achecis

39 1514 89 1558 dux
99 1520 201 1568 crestus,
216 1516 246 1559 etl
255 1515 358 1561 Isthmon
368 1530 382 1559 e
391 1516 418 1560 L.
427 1516 536 1559 Mummio
551 1515 645 1559 consule
652 1516 727 1560 vietus
736 1520 782 1558 est:
802 1514 848 1569 qui,

39 1571 102 1614 omni
111 1570 198 1615 Aeheie
206 1573 231 1616 in
240 1573 380 1616 deditionem
395 1576 503 1625 eccepto,
523 1570 648 1614 corinthon
663 1586 693 1615 ex
703 1577 850 1615 senatuscon-

40 1626 188 1675 miminerit,
206 1630 259 1681 quie
267 1629 299 1668 ihi
309 1625 381 1677 legeti
389 1626 487 1668 ltomeni
496 1625 577 1670 violeti
586 1633 659 1671 erent.
690 1627 784 1671 'l'hebee
793 1641 848 1683 quo-

40 1694 86 1738 que
96 1687 119 1725 et
128 1682 226 1730 Chalcis,
236 1694 293 1737 quee
302 1682 390 1724 euxilio
399 1680 501 1732 luerent,
512 1681 609 1726 dhutee.
627 1683 682 1739 lpse
689 1685 716 1727 L.
727 1684 848 1728 ltlummius

43 1737 260 1781 ehstinentissimum
268 1738 341 1781 sirum
349 1739 407 1791 coito
427 1752 469 1782 nec
479 1740 530 1793 quic
546 1754 598 1783 uem
613 1753 644 1783 ex
657 1741 686 1782 iis
696 1742 776 1796 opibus
784 1754 849 1784 orne·

47 1794 177 1849 mentisque,
187 1807 244 1848 quoe
254 1794 374 1863 proedives
380 1794 502 1837 Corinthos
510 1788 541 1838 he
557 1797 598 1845 uit,
606 1797 630 1838 in
640 1797 728 1838 domum
739 1799 788 1839 eius
795 1810 849 1893 ger-

52 1850 114 1893 venit.
145 1852 172 1899 Q.
180 1850 293 1893 Ceecilrus
303 1851 411 1894 Metellus
420 1851 448 1895 de
458 1851 572 1895 Andrisco
582 1851 740 1906 triumphavi&
758 1854 784 1894 P.
814 1866 849 1894 or-

59 1907 117 1949 elius
125 1905 206 1961 Scipio
212 1905 336 1949 Africenus
346 1907 487 1951 Aemih'eous
495 1909 523 1951 de
530 1907 667 1958 Certhegine
677 1912 701 1950 et
711 1907 738 1949 de
748 1907 850 1949 llesdru-

60 1962 102 2005 ele,
132 1961 253 2005 Viriathus
262 1963 287 2005 in
296 1963 409 2018 Hisponis
417 1965 513 2019 primum
521 1978 550 2006 ex
560 1970 652 2019 pertore
663 1968 764 2011 senator,
775 1976 850 2006 exee-

63 2022 122 2061 ttore
131 2018 198 2068 letro,
216 2031 269 2060 mox
278 2018 334 2061 iusti
344 2033 431 2088 quoque
440 2021 556 2064 exercitus
567 2020 614 2062 dux
624 2018 707 2068 lectus,
724 2023 795 2061 totum
804 2019 849 2061 Lu-

67 2074 149 2117 tenIem
159 2075 289 2129 occupevit;
309 2074 334 2117 0.
345 2075 452 2121 Vetilium
466 2082 601 2134 preetorern,
618 2075 669 2117 luiso
678 2075 727 2117 eius
737 2075 849 2124 exercitu,

72 2130 114 2183 pit:
132 2134 185 2184 post
195 2144 261 2184 ouem
267 2129 294 2172 Ρ.
302 2130 407 2175 l‘lcetles
415 2138 508 2186 preetor
523 2132 593 2174 nihilo
609 2130 700 2173 felicius
709 2145 757 2173 rem
767 2131 849 2183 gcesit:

76 2189 175 2239 itumque
189 2197 283 2229 terrores
298 2188 319 2228 is
328 2187 399 2229 hostie
409 2189 499 2238 intulit,
515 2188 659 2230 utodversus
675 2201 725 2230 eum
735 2187 850 2230 consuleri

81 2253 100 2282 ιι
109 2246 171 2283 esset
180 2246 204 2284 et
211 2243 275 2291 duce,
284 2247 308 2283 et
316 2245 427 2284 exercitu.
439 2245 563 2285 Praetereo
573 2249 647 2285 motus
655 2243 744 2296 Syriae,
754 2249 778 2286 et
786 2244 847 2286 helle

84 2295 845 2348 erresseegestereiernntur.Alexender,homoignotusetincertee

89 2351 132 2405 nis,
141 2351 222 2402 occiso,
231 2353 350 2395 stertente
361 2353 446 2395 dictum
456 2357 500 2401 eet,
509 2351 626 2395 Demetrio
633 2366 695 2406 rege,
705 2356 728 2397 in
736 2355 804 2410 Syrie
811 2368 846 2398 re-

91 2409 134 2451 oet.
164 2408 231 2451 llunc
240 2407 379 2458 Demetrius,
388 2408 501 2451 Demetrii
511 2409 581 2458 filius,
590 2409 628 2463 qni
637 2422 651 2452 e
660 2416 725 2467 petre
735 2413 846 2467 oriendum

96 2468 180 2507 rcertos
190 2464 245 2507 belli
253 2478 320 2507 cerus
335 2466 454 2516 ehlegelus
465 2465 556 2507 Gnidon
565 2466 653 2515 fueret,
672 2471 801 2521 contempte
811 2481 847 2508 so-

100 2520 121 2562 ie
130 2520 257 2574 inertieque
266 2522 323 2570 eius,
340 2521 463 2563 odinvente
472 2523 613 2570 Ptolemeeo,
626 2520 727 2573 Aegypti
736 2534 799 2573 rege,
810 2536 847 2564 cn-

106 2576 159 2619 liem
164 2576 308 2631 Cleopetrem
315 2578 339 2620 in
348 2577 514 2619 matrimonium
522 2581 648 2632 ecceperet,
658 2576 718 2617 hello
724 2577 847 2620 interemit.

108 2642 197 2681 meeus,
206 2633 231 2674 in
240 2638 308 2687 ceput
315 2633 414 2685 graviter
423 2634 561 2681 vorlneretus,
571 2634 632 2674 inter
639 2632 784 2681 curationem,
794 2632 845 2673 dum

112 2688 193 2730 modici
208 2689 483 2739 terebrarecontendunt,
502 2686 642 2741 exspirevits
660 2690 728 2738 etque
740 2689 853 2742 inlocum

116 2748 175 2786 teter
183 2745 257 2787 minor
266 2746 425 2796 Ptolemeus,
441 2745 482 2800 qui
489 2741 729 2801 (inredeonwhffm
741 2737 875 2774 *mm*
884 2791 895 2799 ,

120 2800 175 2843 trlus
185 2801 213 2844 oh
222 2801 402 2854 erudelitetem,
420 2814 494 2860 ouem
499 2813 546 2856 uer
554 2783 904 2899 tormentumxxgssgss}

897 2866 904 2887 1

123 2855 218 2902 liodoto
226 2859 339 2915 quodem,
350 2876 402 2906 uuo
413 2874 448 2905 ex
456 2855 592 2903 suhieet'rs,
599 2847 649 2904 suis
656 2843 761 2934 meg„
768 2910 779 2932 ,
787 2874 876 2917 ww

127 2912 236 2970 'modone
254 2933 357 2974 regnum
366 2919 518 2967 essereoet»
531 2909 698 2957 Milium*
