1860 2994
122 167 193 219 Lre.
205 163 288 221 XLV.
300 168 342 220 Gn
352 183 377 219 r.
387 165 414 219 4.
426 163 451 218 5.
463 164 508 233 [U.
515 166 610 222 0584.
618 164 647 219 Α.
654 165 761 234 C.168·]
802 166 853 221 315

51 273 173 335 lomene,
192 287 275 339 quum
291 273 320 323 in
336 272 467 323 concione
478 286 539 323 esse
554 271 686 337 populum
697 271 856 323 Samothra·

53 354 114 393 oum
127 343 247 394 animum
258 343 439 405 advertisset,
460 358 477 393 a
486 342 699 408 magistratibus
712 343 801 408 petiit,
825 351 856 393 ut

54 411 109 462 sibi
126 412 224 477 paucis
238 410 400 479 alloquendi
414 411 511 478 populi
532 416 700 477 potestatem
720 412 854 463 facerent.

53 480 203 544 Formiano,
217 479 314 533 Utrum
324 497 385 544 nor,
397 480 514 549 bospite·
527 479 731 543 Samothraces,
742 497 802 533 nere
813 497 857 533 uc·

54 550 182 618 cepimus,
193 567 230 603 an
242 552 335 624 soleo,
355 550 685 613 eocramlrancc'nculnm,
707 551 857 620 treuge-sti

55 627 140 672 totam
151 630 233 687 atquc
243 621 370 676 inuiolati
378 622 430 674 coli
440 622 513 673 erre?
522 622 613 684 Quum
624 621 747 674 creditae
757 624 858 672 suncti·

55 691 110 741 teti
121 692 325 745 assentirentur
336 706 442 752 omnes,
456 688 512 741 Gur
522 689 628 759 ι’ςίεαν,
647 691 753 758 inquit,
769 689 859 757 pollui

55 774 115 811 eam
126 757 272 824 homicida,
286 760 444 830 *sunguine
454 757 529 827 regie
538 757 669 817 Eumenis
677 760 803 824 violavit,
823 767 861 824 et,

55 830 231 901 pupmomns‘e
250 830 395 902 praefatio
406 844 612 892 succurrentem,
634 828 729 895 quibus
739 846 793 883 non
803 829 861 882 rint

49 914 142 969 purae
150 915 256 961 manus,
267 899 353 951 sacris
365 907 469 962 arceat,
479 915 527 951 not
532 896 689 966 penetralia
698 905 790 951 nestra
799 915 860 951 con·

54 966 189 1020 ruminari
209 977 321 1020 cruemo
341 968 457 1020 latronis
476 984 590 1035 corpere
609 966 723 1020 cinctis?
748 967 859 1020 Nobilis

54 1037 134 1088 fame
150 1042 210 1087 erat
224 1038 298 1103 apud
315 1052 411 1089 omnes
428 1037 565 1090 Graeciae
585 1037 712 1088 civitates
725 1036 860 1088 Eumenis

56 1104 860 1174 regisperEuendrumDelpbispropeperpetrataeeedcs.

56 1176 168 1239 ltaque,
188 1181 384 1244 praeterquam
396 1175 471 1244 quod
483 1178 512 1228 in
522 1181 663 1244 potestate
673 1173 862 1225 Romanorum

56 1258 120 1295 sese
129 1243 303 1309 insulamque
317 1253 408 1295 eornm
423 1251 452 1297 et
469 1246 604 1306 temptum
620 1243 770 1294 cernebant
789 1256 860 1305 osse,

57 1327 94 1364 no
103 1311 244 1362 immerito
255 1310 367 1378 quidem
379 1326 413 1362 ee
422 1313 477 1362 eibi
487 1311 651 1376 exprobrari
662 1312 731 1373 rati,
752 1308 862 1363 Theon·

58 1381 131 1443 dam,
142 1381 189 1449 qui
200 1396 324 1432 summus
335 1381 516 1448 magistratus
526 1378 601 1447 apud
612 1395 661 1432 eos
671 1385 742 1443 erat,
753 1383 860 1451 (regern

57 1453 112 1518 ipsi
123 1451 275 1518 appellant)
286 1450 323 1501 ud
333 1451 437 1503 Persen
448 1453 580 1515 mittunt,
591 1451 637 1517 qui
648 1450 799 1513 nuntiaret,
808 1449 860 1501 Ar·

54 1519 109 1590 gui
118 1520 208 1572 caedis
217 1520 381 1572 Euandrum
394 1519 558 1574 Cretensem:
579 1536 634 1573 erre
646 1531 738 1573 autem
752 1520 862 1574 iudicio

58 1591 133 1658 apud
142 1605 197 1641 neec
208 1604 280 1640 more
290 1589 425 1640 maiorum
435 1599 593 1657 comparata
608 1591 639 1642 de
655 1591 704 1653 ἰὴ,
724 1592 771 1658 poi
790 1592 862 1643 ince-

58 1668 223 1712 rturmenm
238 1656 362 1710 intulirre
381 1656 458 1711 intra
479 1658 608 1711 terminet
626 1667 750 1711 secretos
769 1660 864 1727 temple·

59 1727 194 1780 dicantur.
232 1725 263 1777 δι’
274 1725 421 1796 confideret
431 1727 571 1788 Euander,
580 1727 719 1779 innoxium
730 1744 757 1779 re
766 1729 808 1780 rei
818 1745 863 1783 ca·

56 1796 152 1865 pirolis
159 1796 254 1865 argui,
262 1796 366 1849 ueniret
375 1797 414 1846 acl
425 1811 535 1848 caueam
546 1795 702 1847 dicendam:
712 1797 736 1849 ei
746 1797 864 1849 commit·

59 1874 117 1918 tere
127 1882 154 1918 ce
165 1865 267 1920 iudicio
280 1883 333 1919 non
347 1867 476 1928 undeet,
496 1865 628 1918 liberaret
646 1864 779 1936 religione
800 1876 863 1919 tem·
888 1892 891 1897 ·

55 1937 146 2004 plum,
167 1953 200 1989 oc
211 1935 386 2002 sibimetipse
398 1937 557 1987 consuleret.
592 1933 711 1988 Perseus
731 1943 862 1988 sevocato

60 2005 192 2057 Euandro
202 2005 335 2057 iudicium
346 2004 484 2057 subeundi
495 2005 572 2056 nullo
583 2010 666 2072 puoto
677 2011 775 2058 auctor
785 2022 861 2058 esse:

60 2090 218 2137 neceam,
236 2091 284 2127 nec
296 2074 394 2145 gratia
411 2090 509 2142 parem
522 2074 597 2146 sore.
634 2074 755 2128 Suberat
770 2081 798 2127 et
813 2076 863 2128 ille

60 2149 164 2206 metus,
184 2158 219 2194 ne
231 2143 376 2195 damnatus
393 2151 536 2196 auctorem
555 2160 584 2197 so
600 2144 713 2197 nefandi
729 2145 862 2196 facinoris

59 2211 246 2283 protraheret.
281 2211 391 2279 Reliqui
401 2213 467 2281 quid
475 2229 543 2275 me,
564 2213 619 2266 niti
629 2222 662 2266 ut
673 2214 794 2287 sortiter
807 2230 862 2266 mo·

58 2282 170 2335 riatur?
187 2280 264 2332 Nihil
285 2282 376 2349 palam
398 2284 518 2334 ebnuere
538 2283 680 2335 Euander:
700 2285 749 2336 sed
769 2298 862 2351 quum,

59 2367 167 2404 veneno
179 2367 209 2404 se
219 2350 304 2404 malle
313 2351 395 2413 mori,
406 2366 488 2418 quum
499 2351 589 2415 ferro,
600 2354 730 2416 dixisset3
752 2352 861 2403 occulte

58 2421 155 2488 fugam
166 2422 290 2488 perabat.
320 2419 402 2482 Quod
413 2435 495 2487 quum
505 2422 691 2473 renuntiatum
704 2421 766 2486 regi
777 2425 861 2483 osset,

59 2497 200 2554 metuens,
220 2506 270 2552 ne,
292 2495 424 2557 tanquam
439 2504 456 2540 e
471 2505 502 2541 se
520 2491 663 2541 subtracto
679 2503 785 2553 poenae
801 2501 862 2548 reo,
880 2502 883 2507 ·

57 2560 130 2612 irarn
143 2558 353 2611 Samothracum
363 2559 391 2608 in
401 2573 432 2610 so
444 2556 884 2624 corruertoret,interrupimus

58 2629 137 2679 cirum
151 2626 241 2680 iussit.
280 2629 344 2693 Qua
359 2634 531 2700 perpetrata
543 2636 664 2682 tonare
678 2618 793 2678 naeuus
808 2615 910 2660 *W*

48 2696 188 2764 extemplo
198 2696 327 2754 animum
338 2737 349 2771 ,
368 2703 401 2757 in
413 2718 448 2759 se
460 2701 613 2757 nimirum
624 2694 794 2758 reorum
803 2675 910 2727 *W
