1860 2994
149 39 201 80 seu
300 39 332 79 T.
352 39 460 78 nivii
480 39 804 92 [uaesana-1724

149 131 199 179 bus
210 129 310 189 victua,
321 126 535 177 lilibusMartiis
549 126 647 178 adesse
657 141 734 176 reum
745 126 837 187 iussit,
846 142 875 192 qi

148 198 214 249 riori
232 199 414 262 magistratus
433 197 530 246 inituri
547 194 783 259 eranthouorem3
804 211 839 247 ne
850 195 875 245 di

146 268 202 330 ius,
214 267 261 333 qui
273 267 399 333 privatus
411 266 521 317 futurus
533 275 616 318 esset.
651 267 695 318 lta
705 265 817 335 rogatio
829 265 875 319 de,

144 337 225 389 ribus
237 342 299 389 arte
309 335 404 389 fallaci
415 337 494 387 elusa
503 340 555 387 est.

199 405 301 458 xxm.
323 406 425 474 Legati
440 403 686 472 Carthaginienses
708 419 742 458 eo
760 409 875 473 tempor«

146 491 209 529 suae
225 481 320 539 eraut,
341 481 370 528 et
382 475 505 526 Gulussa
518 475 595 526 lilius
606 474 782 527 Masinissae.
818 477 875 528 Inte

146 560 266 614 ariagnae
278 544 718 598 contentionesinsenatufuere.
745 543 875 613 Carthagi

147 632 192 668 aas
204 617 400 682 querebantur,
407 624 522 684 praeter
532 615 676 686 agrum,de
686 631 738 684 quo
749 624 813 668 ante
823 616 875 685 legs

147 685 246 748 Roma,
267 685 355 754 quiin
365 703 396 738 re
402 686 546 768 praesenti
555 693 757 755 cognoscerent,
776 684 876 736 missis

149 754 266 824 arreptius
281 765 458 838 septuagenta
476 755 578 824 oppido
589 757 756 823 castellaque
764 754 832 825 agri
842 752 875 807 Cc

147 825 281 897 prinieusis
292 825 398 879 lienuso
414 826 542 895 proximo
554 822 728 878 Masinissam
743 824 771 876 si
782 833 865 892 atque

149 895 311 964 possedisse.
325 895 421 959 Milli,
432 896 477 949 cui
487 895 642 964 nilsilpensi
652 896 699 960 sit,
705 894 795 969 facile
807 910 871 947 esse.

152 965 336 1037 tlsags'nienses
346 965 461 1038 foedere
471 965 596 1036 illigatos
610 966 699 1019 silere.
735 964 875 1018 Proiiiesr

152 1046 235 1091 extra
245 1036 319 1107 fines
330 1036 433 1106 efferre
444 1053 532 1091 arola.
570 1039 733 1105 Quanquam
744 1033 846 1098 sciant,
864 1034 876 1087 i

151 1106 260 1172 finibus,
271 1106 295 1160 si
304 1107 366 1160 iude
378 1108 510 1161 Numidas
515 1108 657 1175 pellerent,
673 1123 700 1159 se
708 1115 835 1176 gesturos
847 1103 875 1157 le

152 1177 200 1231 illo
215 1175 290 1230 iared
306 1176 435 1247 ambiguo
446 1177 538 1245 capite
554 1177 678 1251 foederis
690 1175 839 1239 deterreri,
859 1192 875 1245 q

152 1255 227 1299 serte
235 1254 359 1299 utentur
369 1263 429 1300 cam
440 1246 748 1318 soeis'spopalillomeni
758 1247 875 1315 lellumg

155 1314 281 1368 Sedisca
297 1318 375 1370 ultro
390 1317 546 1400 superbiam
568 1317 810 1383 crudelitatemque
830 1323 875 1367 et⁴

153 1385 222 1439 tiam
232 1385 290 1438 eius
299 1402 352 1439 non
360 1396 424 1455 pate
432 1404 511 1457 posse
523 1386 774 1442 Cartiavinienses.
790 1386 875 1439 Misso

154 1455 201 1522 qui
211 1466 324 1509 orarent
333 1467 471 1524 senatum,
488 1468 521 1512 set
531 1459 618 1512 trium
628 1429 727 1511 iareim
738 1474 829 1510 rerum
837 1472 875 1510 een

154 1543 182 1579 se
201 1527 348 1596 impetrari
362 1530 497 1583 sinerent:
519 1540 552 1583 ut
565 1534 609 1583 ael
624 1547 657 1582 ex
676 1544 761 1594 aequo
777 1528 875 1596 apuds

152 1601 295 1682 populum,
317 1598 382 1665 quid
397 1601 617 1670 caiusqaeesset,
639 1599 837 1666 disceptarent.-
857 1613 873 1648 o

155 1678 297 1722 mitterent
310 1668 600 1741 Carthaginiensibus,
620 1678 652 1722 ut
667 1670 794 1720 adversus
805 1665 875 1718 inias

155 1757 199 1792 sua
207 1739 255 1808 pio
265 1739 391 1808 iustoque
402 1756 429 1792 se
440 1750 600 1795 tutarentur
612 1740 692 1791 lello:
707 1737 750 1787 oel
759 1736 797 1786 od
807 1743 875 1785 extri

155 1810 180 1861 si
187 1809 285 1878 gratia
294 1813 364 1876 plus,
385 1826 465 1878 quam
476 1810 593 1873 veritas,
610 1807 685 1874 apud
695 1821 738 1856 eos
750 1806 867 1868 caleret,

156 1885 318 1939 statuerent,
329 1878 396 1944 quid
405 1881 533 1931 donatum
544 1896 578 1932 ex
587 1877 676 1931 alieno
683 1873 847 1927 Masinissae
859 1891 875 1927 o

156 1946 305 2000 Modestius
322 1957 396 2000 certe
413 1950 594 2011 daturoseos,
614 1955 642 1999 et
652 1945 786 2008 scituros,
807 1945 874 2011 quid

157 2023 234 2068 seut.-
253 2015 341 2082 ipsum
351 2020 463 2081 nullum,
475 2027 675 2086 praeterquam
685 2031 750 2068 suae
761 2015 875 2069 libidini

157 2083 475 2157 triaflnemfaeturam.
512 2087 618 2142 Horum
628 2088 652 2139 si
662 2085 732 2139 nilsil
742 2086 875 2156 impetras

159 2154 271 2222 aliquod
284 2170 362 2206 suune
376 2167 440 2224 post
460 2159 554 2211 datam
571 2159 634 2211 aP.
649 2157 775 2226 Scipione
791 2173 875 2225 paceo

160 2235 233 2279 ctam
244 2234 320 2288 essct,
333 2224 387 2294 ipsi
394 2228 488 2295 potius
499 2227 749 2283 animadverterent
758 2226 788 2280 in
799 2245 834 2281 se.
867 2227 875 2280 C

160 2295 318 2350 servitutem
330 2311 357 2348 se
369 2299 416 2350 sal
429 2299 540 2352 dominis
549 2298 697 2361 Romanis,
720 2314 800 2366 quam
816 2297 875 2351 libes

162 2364 313 2436 expositam
324 2368 362 2420 ad
369 2367 486 2422 iniurias
498 2368 671 2434 Masinissae,
682 2370 769 2420 molle.
785 2369 875 2421 Perin

161 2455 213 2522 que
227 2440 308 2491 semel
320 2437 389 2507 ipsis
400 2440 486 2492 satius
497 2455 562 2503 esse,
585 2457 665 2508 quam
676 2438 724 2491 suls
736 2439 875 2492 acerlissie

155 2509 249 2581 eficss
257 2508 379 2567 arbitrio
390 2508 519 2583 spiritam
530 2512 640 2567 ducere.
656 2508 713 2563 Suis
724 2507 794 2563 haec
803 2509 875 2563 dieta
