1860 2994
273 384 429 433 trinuba
445 381 604 431 DEPERD.
812 390 851 429 381

49 478 121 519 tribus
130 477 245 520 distributi
259 483 321 522 sunt.
350 474 539 533 Praeterea'belli
548 480 689 534 apparatum,
705 475 764 530 quod
775 480 854 518 contra

49 532 137 577 Sullam
145 535 296 584 excitabatur,
306 534 426 583 corant„

336 646 337 651 ¹
378 620 545 678 LXXXV·‘

49 686 124 769 Sulla
132 725 157 769 in
166 725 257 769 Italiam
268 722 320 769 euru
329 725 433 770 exereitu
447 724 551 776 traiecit,
564 726 686 781 missisque
700 726 796 778 legatis,
814 724 854 781 qui

47 784 76 827 sle
85 795 141 838 pace
151 787 251 834 agerent,
270 796 284 825 e
293 783 385 826 consuls
395 782 419 826 0.
429 779 537 826 Norbano
543 778 646 833 ‚violatia
662 783 757 825 cundem
765 782 854 825 Norba-

47 853 102 883 num
110 839 197 892 proelio
206 839 269 882 vicit.
298 839 329 882 Et
339 853 404 894 qurum
414 839 442 882 L.
453 834 568 892 Scipionis
578 840 673 882 alterius
681 839 789 888 consulis,
803 853 854 880 cum

47 908 92 951 quo
102 908 143 950 per
153 895 227 936 omnia
234 895 257 938 id
267 900 352 949 egerat,
362 901 388 938 ut
395 907 474 951 paoem
481 894 593 946 iungeret,
602 909 643 937 nea
654 899 767 950 potuerat,
778 899 855 937 eastra

48 958 220 1007 oppugnaturus
229 957 302 1002 essct,
320 953 441 995 uniuersus
457 951 572 992 exercitus
582 953 696 1001 consulis,
715 952 853 994 sollicitatus

47 1021 91 1066 per
98 1008 193 1051 emissos
203 1020 216 1049 s
225 1008 290 1051 Sulla
299 1009 392 1056 milites,
407 1007 471 1058 signa
481 1006 509 1047 ad
519 1005 605 1048 Sullam
614 1008 737 1051 transtulit.
767 1006 855 1062 Scipio,
867 1012 870 1021 ·

48 1077 117 1118 quum
125 1064 197 1106 occidi
207 1071 292 1120 posset,
301 1064 407 1106 dimissus
416 1067 458 1104 est.
469 1062 510 1104 Cn.
519 1062 650 1116 Pompeius,
658 1063 700 1104 Cn.
711 1063 737 1104 F.
748 1064 805 1113 cius,
816 1062 855 1117 qui

47 1119 158 1163 Asculum
166 1131 265 1174 ceperat,
276 1119 404 1174 conscripto
414 1118 592 1161 voluntariorum
600 1119 713 1166 exercitu,
724 1132 773 1160 cum
781 1120 855 1161 tribus

47 1176 177 1226 legionibus
185 1177 213 1217 ad
224 1175 311 1219 Sullam
318 1179 425 1222 senerat;
441 1174 470 1217 ad
486 1187 551 1229 quom
567 1187 591 1217 se
601 1173 709 1216 risibilitas
720 1175 793 1215 omnis
802 1188 855 1216 con-

48 1231 148 1278 ferebat,
165 1231 199 1276 ita
206 1236 233 1274 ut
242 1232 333 1274 deserta
342 1231 398 1273 urbe
408 1230 437 1272 ad
447 1236 522 1273 eastra
530 1231 652 1272 veniretur.
682 1231 807 1273 Praeterea
816 1243 856 1272 ex-

48 1286 180 1342 peditiones
187 1300 229 1343 per
238 1285 405 1331 totamltaliam
415 1288 532 1341 utriusqus
541 1286 615 1342 partis
626 1286 706 1329 ducum
715 1286 856 1330 referuntur,

377 1376 532 1432 dxxxvi
709 1402 718 1425 t

50 1413 136 1507 Quum
146 1463 171 1506 (l.
182 1458 282 1513 illarius,
298 1461 323 1506 c.
332 1462 401 1509 Marii
409 1462 478 1511 silius,
494 1463 635 1506 consulante
645 1474 717 1506 annos
725 1460 806 1512 viginti
814 1474 856 1517 per

50 1522 192 1565 vimerestus
201 1523 276 1568 essct,
291 1519 316 1562 C.
326 1519 411 1561 Fabius
427 1519 451 1561 in
459 1518 542 1561 Africo
556 1524 650 1574 propter
664 1519 823 1562 crudelitatem
832 1523 857 1560 ot

45 1576 170 1621 avaritiam
179 1577 204 1620 in
212 1577 327 1631 praetorio
338 1588 379 1617 suo
389 1575 453 1619 sistra
462 1579 558 1618 exustus
567 1583 609 1618 est.
625 1576 652 1618 L.
663 1574 785 1630 Philippus
795 1574 857 1624 legr-

49 1636 88 1675 tus
97 1631 175 1676 Sullae
185 1631 322 1681 Sardiniam,
333 1633 359 1681 it.
369 1631 469 1674 Antonio
477 1637 585 1688 praetore
593 1633 659 1687 pulso
668 1638 692 1675 et
702 1632 784 1679 occiso,
792 1643 857 1672 oecu-

48 1690 121 1745 pavit.
151 1688 216 1732 Sulla
225 1702 275 1731 cunr
284 1687 372 1730 Itulicis
382 1687 480 1755 populis,
490 1701 519 1730 ne
529 1689 648 1731 timeretur
655 1689 683 1730 ab
693 1687 730 1737 iia,
738 1686 801 1731 velut
808 1699 858 1728 cre-

68 1751 131 1787 turus
140 1746 255 1789 civitaten
264 1749 289 1787 et
298 1744 402 1796 suffragii
412 1744 448 1786 ius
457 1757 531 1799 nusper
540 1744 627 1794 datum,
642 1742 724 1786 foedus
734 1743 857 1798 percussit.

47 1760 166 1855 filumque,
183 1799 305 1842 extiducia
318 1801 363 1841 iam
373 1803 448 1842 certae
464 1801 582 1850 victoriae,
600 1799 737 1852 litigatores,
754 1800 857 1854 aquibus

47 1859 163 1906 adibatur,
172 1856 301 1900 vadimonia
308 1856 401 1897 Romam
409 1854 502 1898 differre
509 1856 585 1906 iussit,
595 1871 661 1912 quum
672 1870 686 1899 a
693 1862 759 1912 parte
768 1857 858 1898 diversa

26 1910 31 1919 '
46 1915 104 1958 rsrlss
114 1912 186 1955 adhue
195 1916 320 1954 teneretur,
347 1911 374 1953 L.
385 1908 538 1968 Damasippus
547 1918 653 1966 praetor,
670 1912 823 1954 excoluntate
832 1910 858 1952 0.

46 1970 120 2014 Marii
126 1968 230 2012 bonsulis
239 1981 306 2021 quum
314 1971 416 2010 senatum
425 1969 586 2018 contraxisset,
596 1983 691 2018 omnem,
701 1981 758 2022 quae
770 1968 793 2009 in
802 1967 858 2008 urbe

49 2031 108 2074 orat,
120 2025 261 2068 nobilitatem
269 2023 402 2067 trucidavits
417 2036 447 2066 ex
457 2025 520 2067 cuius
528 2038 620 2067 numero
630 2027 656 2074 Q.
664 2025 753 2067 Mucius
763 2022 859 2066 Scaevo-

47 2085 73 2126 lu
82 2081 189 2138 pontifex
203 2079 421 2132 maximusiugiens
436 2081 581 2124 investibulo
597 2081 660 2122 aedis
669 2079 755 2122 Vestae
771 2079 858 2121 occisus

49 2146 94 2182 est.
124 2139 249 2181 Praeterea
265 2136 348 2178 bellum
365 2148 379 2177 a
393 2136 421 2179 L.
434 2137 531 2180 Murena
543 2137 652 2180 adversus
666 2135 820 2180 Mithridatem
834 2136 858 2178 iu

50 2195 109 2238 Asia
119 2199 251 2245 renovatum
260 2193 366 2236 continet

368 2282 535 2336 Lmfflwu

51 2344 128 2413 Sulla
139 2369 164 2412 C.
173 2369 279 2418 Marium,
295 2368 398 2412 exercitu
406 2369 456 2412 eius
465 2369 517 2412 fuso
526 2369 645 2424 deletoque
656 2370 683 2412 ad
695 2369 857 2429 Sacriportum,

49 2427 76 2470 in
86 2425 168 2480 oppido
178 2427 302 2471 Praeneste
319 2426 418 2468 obsedit:
435 2427 514 2469 urbem
523 2427 617 2468 Romam
625 2439 655 2469 ex
664 2427 805 2469 inimicorum
813 2439 859 2467 mu-

49 2483 119 2527 nibus
129 2480 228 2536 recopit:
241 2482 338 2524 Marium
349 2495 467 2536 erumpere
477 2480 602 2525 tentantem
612 2485 704 2539 repulit.
734 2485 860 2526 Praeterea

49 2551 90 2585 res
100 2551 114 2580 a
124 2537 268 2590 legatiseius,
278 2539 354 2583 eadem
362 2539 444 2593 ubique
452 2538 546 2581 fortuna
551 2541 656 2594 partium,
667 2539 851 2591 gestascontinet

368 2629 545 2681 Lxxxvut

51 2690 129 2760 Sulla
139 2711 272 2763 Carbonem,
289 2716 392 2759 exercitu
402 2717 450 2758 eius
461 2715 512 2758 fuso
523 2714 552 2756 ud
560 2713 669 2761 Clusium,
686 2712 713 2754 ad
723 2711 857 2756 Faventiam

49 2771 225 2824 Fidentiamque
235 2770 309 2821 causti,
317 2771 386 2814 Italis
395 2772 497 2826 expulit:
506 2784 556 2813 eum
564 2770 714 2815 Samnitibus,
728 2768 827 2818 ‹psisutx
833 2778 871 2801 ux

49 2827 141 2871 Italicis
149 2827 240 2882 populis
250 2829 349 2870 trundum
359 2841 422 2870 arma
429 2821 884 2884 posueruut,'ruxtaurbesuxxuxumup

50 2889 105 2927 ante
113 2888 201 2937 portam
213 2881 324 2927 Collinum
336 2885 478 2930 debellanti
492 2885 689 2937 recuperatum
696 2867 842 2926 *QWW‘*
850 2868 884 2918 Ψ,

45 2938 468 2990 ereremumvictorisncrudelitue
532 2931 716 2985 antuinnubxu
744 2919 863 2960 ,mmm
