1860 2994
140 108 484 163 manseramus.
501 110 801 180 [nonnanes]
837 113 872 166 sc

60 216 170 272 milites
187 215 355 277 scriberent,
374 214 563 282 ducerentque
575 230 678 268 secum.
715 217 871 284 Etpraeto·

61 287 152 348 ribus,
169 284 203 346 Q.
213 283 328 336 Petillio
339 290 368 336 et
378 286 411 348 Q.
421 285 520 348 Fabio,
539 288 705 351 imperatum
716 292 768 349 est,
778 293 810 338 ut
822 286 872 340 Pe·

62 355 156 409 tillius
174 353 244 405 duas
259 354 385 421 legiones
401 355 503 407 civium
514 355 703 406 Romanorum
719 357 871 409 tumultua-

62 426 122 479 rias
132 424 283 486 scriberet,
303 430 332 477 et
342 440 437 477 omnes
448 426 570 477 minores
582 427 782 493 quinquaginta
792 426 871 479 annis

62 499 244 548 sacramento
255 500 383 561 rogaret:
394 496 492 559 Fabio,
502 501 535 547 ut
545 496 630 547 sociis
642 494 739 547 Latini
750 497 871 547 nominis

63 563 227 634 quindecim
240 564 329 616 millia
346 565 486 632 peditum,
506 565 683 633 octingentos
698 565 807 632 equites
820 566 872 617 im·

61 639 190 703 peraret.
220 634 369 687 Duumviri
378 636 494 688 navales
504 637 594 687 creati
605 637 635 687 C.
646 634 789 688 Matienus
800 641 830 688 et
841 635 871 687 c.

61 703 229 766 Lucretius,
250 720 388 774 navesque
403 707 438 759 iis
455 711 571 777 ornatae
582 710 661 769 sunt;
679 705 871 773 Matienoque,

63 774 144 845 cuiqs
153 772 191 825 ad
202 773 341 826 Gallicum
351 775 442 827 sinum
453 775 596 843 provincia
607 779 682 838 erat,
702 775 871 841 imperatum

63 849 122 908 est,
142 847 178 894 ut
198 842 316 896 classem
336 846 425 912 primo
447 859 557 911 quoque
572 849 698 911 ternpore
713 844 827 899 duceret
839 844 871 894 in

61 912 201 981 Ligmum
222 927 314 977 oram,
334 916 359 965 si
380 929 434 981 quo
449 914 513 966 usui
528 928 590 966 esee
604 912 638 967 L.
649 914 768 967 Aemilio
785 919 872 982 etque

63 983 124 1037 eius
133 983 271 1035 uerutui
282 988 386 1049 posset.
585 1004 589 1011 ·

114 1051 234 1105 xxvn.
255 1051 398 1113 Aemilius,
409 1056 557 1118 postquam
568 1050 638 1101 nihil
647 1066 762 1119 usquam
774 1050 873 1103 auxilii

63 1121 277 1183 ostendebatur,
288 1121 458 1189 interceptos
469 1119 584 1172 credens
596 1120 713 1187 equites,
732 1135 791 1171 non
798 1120 874 1172 ultrs

64 1188 252 1245 differendum
271 1193 364 1253 ratus,
387 1191 455 1260 quin
470 1204 521 1258 per
536 1205 567 1242 se
583 1189 724 1241 fortunam
739 1193 873 1255 tentaret,

63 1262 228 1331 priusquam
246 1257 341 1312 hostes
355 1263 496 1324 venirent,
516 1260 563 1327 qui
575 1261 633 1312 ism
649 1259 761 1329 segnius
778 1274 873 1312 socor-

65 1333 187 1398 diusque
197 1329 403 1399 oppugnabant,
420 1331 456 1384 sd
466 1336 600 1399 quattuor
609 1337 707 1398 portas
718 1329 873 1383 exercitum

64 1399 211 1462 instruxit,
224 1407 264 1463 ut,
279 1400 358 1468 signo
369 1402 445 1465 dato,
465 1401 548 1453 simul
560 1416 595 1454 ex
606 1401 733 1453 omnibus
743 1401 872 1467 partibus

67 1469 243 1537 eruptionem
263 1470 395 1525 iacerent.
431 1473 571 1535 Quattuor
581 1472 815 1523 extraordinariis
827 1485 873 1522 co·

66 1539 196 1592 hortibus
206 1538 273 1590 duas
285 1539 426 1603 adiunxit,
446 1543 609 1607 praeposito
620 1542 661 1592 M.
670 1540 786 1594 Valerio
797 1541 875 1606 legu-

66 1615 109 1660 to:
130 1623 277 1676 erumpere
288 1611 510 1662 extraordinaria
525 1616 608 1677 porta
624 1610 714 1661 iussit.
749 1608 791 1659 ad
809 1609 875 1659 ‹lex-

67 1685 141 1731 tram
153 1678 337 1744 principalem
348 1678 474 1731 hastatos
485 1680 605 1746 legionis
616 1676 875 1745 primaeinstruxit3

67 1748 208 1815 principes
224 1763 260 1800 ex
275 1748 369 1800 eadem
386 1749 499 1815 legione
514 1750 543 1799 in
559 1747 692 1799 subsidiis
707 1745 813 1812 posuit:
835 1744 876 1795 M.

30 1874 33 1887 ¹
69 1818 206 1871 Servilius
218 1823 246 1869 et
256 1818 290 1868 L.
300 1816 453 1885 Sulpicius,
474 1818 581 1869 tribuni
591 1816 727 1876 militum,
743 1813 786 1865 his
796 1829 875 1880 prae·

30 1920 34 1957 ξ
68 1887 165 1954 positi.
199 1887 298 1940 Tertia
309 1886 383 1956 legio
396 1888 527 1940 adversus
537 1886 720 1954 principalem
731 1884 875 1937 sinistram

67 1963 178 2024 portam
189 1955 328 2008 instructa
338 1965 390 2010 est,
409 1957 441 2009 ld
453 1964 561 2008 tantum
573 1962 723 2020 mutatum
734 1955 873 2023 principes

67 2026 161 2094 primi,
180 2031 208 2076 et
217 2023 321 2078 hastati
332 2028 360 2078 in
372 2027 504 2079 subsidiis
515 2027 615 2079 locati:
636 2026 698 2079 Sex.
710 2027 795 2077 lulius
807 2029 874 2077 Coe·

69 2112 114 2147 sar
125 2100 155 2148 et
162 2094 194 2147 L.
201 2095 329 2147 Aurelius
336 2099 428 2159 Cotta,
438 2097 543 2148 tribuni
553 2097 682 2158 rnilitum,
693 2094 757 2147 huic
767 2094 876 2162 legioni

67 2165 224 2233 praepositi
235 2170 307 2217 sunt.
323 2166 356 2227 Q.
367 2166 480 2218 Fulvius
490 2166 606 2217 Flaccus
617 2166 727 2232 legatus
738 2181 799 2217 cum
811 2165 876 2216 dex·

68 2242 114 2288 tra
127 2234 175 2286 ala
187 2234 222 2285 ad
234 2237 421 2300 quaestoriam
434 2242 542 2301 portam
553 2236 675 2302 positus:
698 2235 767 2286 duae
779 2233 876 2285 cohor·

69 2313 112 2357 tes
129 2310 159 2357 et
175 2304 269 2354 triarii
285 2305 399 2356 duarum
419 2305 560 2372 legionum
572 2306 599 2355 in
612 2305 754 2371 praesidio
771 2309 877 2355 castro-

68 2390 132 2426 rum
151 2388 265 2426 manere
284 2374 361 2426 iussi.
399 2375 499 2426 Omnes
520 2381 615 2440 portas
632 2371 874 2425 concionabundus

29 2478 32 2483 -
68 2445 130 2511 ipse
150 2443 305 2509 imperator
326 2445 476 2506 circumiit3
499 2449 542 2505 et,
563 2444 768 2509 quibuscunque
782 2440 879 2490 irrita·

68 2513 174 2566 mentis
184 2518 306 2579 poterat,
316 2515 372 2564 iras
383 2513 502 2564 militum
515 2515 657 2579 acuebat3
674 2527 754 2564 nunc
760 2505 902 2559 isacham

70 2581 195 2635 hostium
204 2582 338 2646 incusans,
351 2583 407 2649 qui,
414 2600 485 2652 pace
496 2588 601 2656 petita,
613 2583 747 2641 inbutiis
757 2575 916 2631 caeleps

61 2653 152 2714 speum
161 2648 335 2705 indutiarum
351 2658 468 2726 tempus
484 2661 658 2716 contraius
670 2651 819 2726 gentium
828 2636 876 2694 ab
887 2647 928 2683 ab
