<?xml version="1.0" encoding="UTF-8"?>
<!DOCTYPE html PUBLIC "-//W3C//DTD XHTML 1.0 Transitional//EN"
    "http://www.w3.org/TR/xhtml1/DTD/xhtml1-transitional.dtd">
<html xmlns="http://www.w3.org/1999/xhtml" xml:lang="en" lang="en">
 <head>
  <title>
</title>
<meta http-equiv="Content-Type" content="text/html;charset=utf-8" />
  <meta name='ocr-system' content='tesseract 3.04.00' />
  <meta name='ocr-capabilities' content='ocr_page ocr_carea ocr_par ocr_line ocrx_word'/>
</head>
<body>
  <div class='ocr_page' id='page_1' title='image "./tliviipatavinih01livigoog_0087.png"; bbox 0 0 1860 2994; ppageno 0'>
   <div class='ocr_carea' id='block_1_1' title="bbox 59 277 719 349">
    <p class='ocr_par' dir='ltr' id='par_1_1' title="bbox 59 277 719 349">
     <span class='ocr_line' id='line_1_1' title="bbox 59 277 719 349; baseline -0.014 -9"><span class='ocrx_word' id='word_1_1' title='bbox 59 288 96 340; x_wconf 91' lang='grc'><strong>80</strong></span> <span class='ocrx_word' id='word_1_2' title='bbox 205 284 238 334; x_wconf 92' lang='grc' dir='ltr'><strong>Τ.</strong></span> <span class='ocrx_word' id='word_1_3' title='bbox 257 278 366 333; x_wconf 86' lang='lat' dir='ltr'><strong>lell</strong></span> <span class='ocrx_word' id='word_1_4' title='bbox 384 277 430 347; x_wconf 88' lang='lat' dir='ltr'><strong>[U.</strong></span> <span class='ocrx_word' id='word_1_5' title='bbox 443 279 473 333; x_wconf 74' lang='lat' dir='ltr'><strong>C·</strong></span> <span class='ocrx_word' id='word_1_6' title='bbox 486 283 546 345; x_wconf 87' lang='lat'><strong>57⁰.</strong></span> <span class='ocrx_word' id='word_1_7' title='bbox 563 278 598 332; x_wconf 81' lang='lat' dir='ltr'><strong>A.</strong></span> <span class='ocrx_word' id='word_1_8' title='bbox 609 278 638 331; x_wconf 81' lang='lat' dir='ltr'><strong>C.</strong></span> <span class='ocrx_word' id='word_1_9' title='bbox 651 279 719 349; x_wconf 67' lang='lat' dir='ltr'><strong>mn]</strong></span> 
     </span>
    </p>
   </div>
   <div class='ocr_carea' id='block_1_2' title="bbox 51 379 849 2879">
    <p class='ocr_par' dir='ltr' id='par_1_2' title="bbox 53 379 849 1145">
     <span class='ocr_line' id='line_1_2' title="bbox 63 379 849 453; baseline -0.008 -12"><span class='ocrx_word' id='word_1_10' title='bbox 63 387 146 441; x_wconf 89' lang='lat' dir='ltr'><strong>dione</strong></span> <span class='ocrx_word' id='word_1_11' title='bbox 156 384 259 453; x_wconf 87' lang='lat' dir='ltr'><strong>potuit,</strong></span> <span class='ocrx_word' id='word_1_12' title='bbox 274 383 415 446; x_wconf 74' lang='lat' dir='ltr'><strong>Celtiberi,</strong></span> <span class='ocrx_word' id='word_1_13' title='bbox 425 381 493 434; x_wconf 83' lang='lat' dir='ltr'><strong>lessi</strong></span> <span class='ocrx_word' id='word_1_14' title='bbox 504 380 622 448; x_wconf 89' lang='lat' dir='ltr'><strong>proeliis</strong></span> <span class='ocrx_word' id='word_1_15' title='bbox 631 379 719 432; x_wconf 80' lang='lat' dir='ltr'><strong>variis</strong></span> <span class='ocrx_word' id='word_1_16' title='bbox 729 380 849 435; x_wconf 58' lang='lat' dir='ltr'><strong>decessi</strong></span> 
     </span>
     <span class='ocr_line' id='line_1_3' title="bbox 61 451 849 516; baseline -0.003 -7"><span class='ocrx_word' id='word_1_17' title='bbox 61 462 134 509; x_wconf 90' lang='lat' dir='ltr'><strong>runt.</strong></span> <span class='ocrx_word' id='word_1_18' title='bbox 166 455 246 516; x_wconf 90' lang='lat' dir='ltr'><strong>Urbs,</strong></span> <span class='ocrx_word' id='word_1_19' title='bbox 258 452 588 514; x_wconf 82' lang='lat' dir='ltr'><strong>amotoauxiliaeerum,</strong></span> <span class='ocrx_word' id='word_1_20' title='bbox 603 451 682 503; x_wconf 90' lang='lat' dir='ltr'><strong>intra</strong></span> <span class='ocrx_word' id='word_1_21' title='bbox 693 452 849 516; x_wconf 85' lang='lat' dir='ltr'><strong>paucesdis</strong></span> 
     </span>
     <span class='ocr_line' id='line_1_4' title="bbox 62 520 849 592; baseline -0.004 -14"><span class='ocrx_word' id='word_1_22' title='bbox 62 530 146 592; x_wconf 89' lang='lat' dir='ltr'><strong>capta</strong></span> <span class='ocrx_word' id='word_1_23' title='bbox 156 530 185 576; x_wconf 88' lang='lat' dir='ltr'><strong>et</strong></span> <span class='ocrx_word' id='word_1_24' title='bbox 197 523 309 589; x_wconf 88' lang='lat' dir='ltr'><strong>direpta</strong></span> <span class='ocrx_word' id='word_1_25' title='bbox 320 528 375 575; x_wconf 88' lang='lat' dir='ltr'><strong>cst:</strong></span> <span class='ocrx_word' id='word_1_26' title='bbox 392 520 525 589; x_wconf 82' lang='lat' dir='ltr'><strong>praedam</strong></span> <span class='ocrx_word' id='word_1_27' title='bbox 535 521 676 573; x_wconf 71' lang='lat' dir='ltr'><strong>militibus</strong></span> <span class='ocrx_word' id='word_1_28' title='bbox 683 528 849 586; x_wconf 84' lang='lat' dir='ltr'><strong>praeturam</strong></span> 
     </span>
     <span class='ocr_line' id='line_1_5' title="bbox 53 589 849 659; baseline 0 -16"><span class='ocrx_word' id='word_1_29' title='bbox 53 593 155 646; x_wconf 82' lang='lat' dir='ltr'><strong>cessit.</strong></span> <span class='ocrx_word' id='word_1_30' title='bbox 183 592 307 655; x_wconf 80' lang='lat' dir='ltr'><strong>Fulvius,</strong></span> <span class='ocrx_word' id='word_1_31' title='bbox 318 589 371 645; x_wconf 90' lang='lat' dir='ltr'><strong>hnc</strong></span> <span class='ocrx_word' id='word_1_32' title='bbox 383 591 488 659; x_wconf 87' lang='lat' dir='ltr'><strong>oppidu</strong></span> <span class='ocrx_word' id='word_1_33' title='bbox 501 596 595 658; x_wconf 84' lang='lat' dir='ltr'><strong>capta,</strong></span> <span class='ocrx_word' id='word_1_34' title='bbox 604 590 634 642; x_wconf 86' lang='grc' dir='ltr'><strong>Ρ.</strong></span> <span class='ocrx_word' id='word_1_35' title='bbox 644 589 782 653; x_wconf 87' lang='lat' dir='ltr'><strong>Manlius,</strong></span> <span class='ocrx_word' id='word_1_36' title='bbox 789 606 849 645; x_wconf 80' lang='lat' dir='ltr'><strong>exer</strong></span> 
     </span>
     <span class='ocr_line' id='line_1_6' title="bbox 62 659 849 726; baseline -0.003 -12"><span class='ocrx_word' id='word_1_37' title='bbox 62 663 119 715; x_wconf 90' lang='lat' dir='ltr'><strong>citu</strong></span> <span class='ocrx_word' id='word_1_38' title='bbox 134 668 245 714; x_wconf 92' lang='lat' dir='ltr'><strong>tantum</strong></span> <span class='ocrx_word' id='word_1_39' title='bbox 260 662 289 713; x_wconf 92' lang='lat' dir='ltr'><strong>in</strong></span> <span class='ocrx_word' id='word_1_40' title='bbox 305 677 390 713; x_wconf 86' lang='lat' dir='ltr'><strong>unum</strong></span> <span class='ocrx_word' id='word_1_41' title='bbox 408 667 520 723; x_wconf 88' lang='lat' dir='ltr'><strong>coacte,</strong></span> <span class='ocrx_word' id='word_1_42' title='bbox 541 659 590 726; x_wconf 91' lang='lat' dir='ltr'><strong>qui</strong></span> <span class='ocrx_word' id='word_1_43' title='bbox 605 659 849 726; x_wconf 73' lang='lat' dir='ltr'><strong>dissipatusiucre</strong></span> 
     </span>
     <span class='ocr_line' id='line_1_7' title="bbox 60 728 849 798; baseline 0 -15"><span class='ocrx_word' id='word_1_44' title='bbox 60 732 139 783; x_wconf 87' lang='lat' dir='ltr'><strong>nulla</strong></span> <span class='ocrx_word' id='word_1_45' title='bbox 150 731 208 783; x_wconf 87' lang='lat' dir='ltr'><strong>alia</strong></span> <span class='ocrx_word' id='word_1_46' title='bbox 218 731 397 784; x_wconf 79' lang='lat' dir='ltr'><strong>memorabili</strong></span> <span class='ocrx_word' id='word_1_47' title='bbox 406 738 487 798; x_wconf 88' lang='lat' dir='ltr'><strong>gesta</strong></span> <span class='ocrx_word' id='word_1_48' title='bbox 497 745 541 792; x_wconf 89' lang='lat' dir='ltr'><strong>re,</strong></span> <span class='ocrx_word' id='word_1_49' title='bbox 562 728 741 781; x_wconf 70' lang='lat' dir='ltr'><strong>exercitualia</strong></span> <span class='ocrx_word' id='word_1_50' title='bbox 751 729 849 785; x_wconf 81' lang='lat' dir='ltr'><strong>hibern</strong></span> 
     </span>
     <span class='ocr_line' id='line_1_8' title="bbox 61 797 849 866; baseline -0.001 -14"><span class='ocrx_word' id='word_1_51' title='bbox 61 800 245 853; x_wconf 84' lang='lat' dir='ltr'><strong>deduxerunt.</strong></span> <span class='ocrx_word' id='word_1_52' title='bbox 264 800 345 853; x_wconf 88' lang='lat' dir='ltr'><strong>Haec</strong></span> <span class='ocrx_word' id='word_1_53' title='bbox 357 815 391 852; x_wconf 90' lang='lat' dir='ltr'><strong>ea</strong></span> <span class='ocrx_word' id='word_1_54' title='bbox 402 804 511 852; x_wconf 80' lang='lat' dir='ltr'><strong>aestate</strong></span> <span class='ocrx_word' id='word_1_55' title='bbox 520 799 550 849; x_wconf 90' lang='lat' dir='ltr'><strong>iu</strong></span> <span class='ocrx_word' id='word_1_56' title='bbox 561 797 701 864; x_wconf 72' lang='lat' dir='ltr'><strong>Hispania</strong></span> <span class='ocrx_word' id='word_1_57' title='bbox 711 805 801 866; x_wconf 80' lang='lat' dir='ltr'><strong>gesta.</strong></span> <span class='ocrx_word' id='word_1_58' title='bbox 817 800 849 853; x_wconf 72' lang='lat' dir='ltr'><strong>&#39;lt</strong></span> 
     </span>
     <span class='ocr_line' id='line_1_9' title="bbox 61 868 849 937; baseline -0.005 -14"><span class='ocrx_word' id='word_1_59' title='bbox 61 871 178 933; x_wconf 88' lang='lat' dir='ltr'><strong>ren&#39;tius,</strong></span> <span class='ocrx_word' id='word_1_60' title='bbox 189 868 238 936; x_wconf 89' lang='lat' dir='ltr'><strong>qui</strong></span> <span class='ocrx_word' id='word_1_61' title='bbox 248 884 282 922; x_wconf 84' lang='lat' dir='ltr'><strong>ex</strong></span> <span class='ocrx_word' id='word_1_62' title='bbox 292 884 325 922; x_wconf 93' lang='lat' dir='ltr'><strong>ea</strong></span> <span class='ocrx_word' id='word_1_63' title='bbox 335 868 479 937; x_wconf 78' lang='lat' dir='ltr'><strong>pruvincia</strong></span> <span class='ocrx_word' id='word_1_64' title='bbox 491 868 659 930; x_wconf 75' lang='lat' dir='ltr'><strong>decesserat,</strong></span> <span class='ocrx_word' id='word_1_65' title='bbox 675 883 761 920; x_wconf 79' lang='lat' dir='ltr'><strong>orans</strong></span> <span class='ocrx_word' id='word_1_66' title='bbox 772 868 849 923; x_wconf 78' lang='lat' dir='ltr'><strong>urbas</strong></span> 
     </span>
     <span class='ocr_line' id='line_1_10' title="bbox 61 937 849 1007; baseline 0 -16"><span class='ocrx_word' id='word_1_67' title='bbox 61 940 134 991; x_wconf 92' lang='lat' dir='ltr'><strong>iniit.</strong></span> <span class='ocrx_word' id='word_1_68' title='bbox 171 939 360 1002; x_wconf 84' lang='lat' dir='ltr'><strong>Translatum,</strong></span> <span class='ocrx_word' id='word_1_69' title='bbox 378 938 488 1007; x_wconf 88' lang='lat' dir='ltr'><strong>argenti</strong></span> <span class='ocrx_word' id='word_1_70' title='bbox 498 937 591 1005; x_wconf 87' lang='lat' dir='ltr'><strong>pundo</strong></span> <span class='ocrx_word' id='word_1_71' title='bbox 601 951 702 989; x_wconf 81' lang='lat' dir='ltr'><strong>noram</strong></span> <span class='ocrx_word' id='word_1_72' title='bbox 713 938 849 993; x_wconf 82' lang='lat' dir='ltr'><strong>millictn</strong></span> 
     </span>
     <span class='ocr_line' id='line_1_11' title="bbox 62 1007 849 1075; baseline 0 -14"><span class='ocrx_word' id='word_1_73' title='bbox 62 1014 145 1061; x_wconf 87' lang='lat' dir='ltr'><strong>centa</strong></span> <span class='ocrx_word' id='word_1_74' title='bbox 154 1008 270 1075; x_wconf 84' lang='lat' dir='ltr'><strong>viginti:</strong></span> <span class='ocrx_word' id='word_1_75' title='bbox 283 1010 344 1060; x_wconf 87' lang='lat' dir='ltr'><strong>auri</strong></span> <span class='ocrx_word' id='word_1_76' title='bbox 357 1008 500 1075; x_wconf 85' lang='lat' dir='ltr'><strong>octoginta</strong></span> <span class='ocrx_word' id='word_1_77' title='bbox 509 1007 612 1074; x_wconf 82' lang='lat' dir='ltr'><strong>peuda.</strong></span> <span class='ocrx_word' id='word_1_78' title='bbox 624 1011 654 1059; x_wconf 84' lang='lat' dir='ltr'><strong>et</strong></span> <span class='ocrx_word' id='word_1_79' title='bbox 664 1007 737 1063; x_wconf 88' lang='lat' dir='ltr'><strong>duae</strong></span> <span class='ocrx_word' id='word_1_80' title='bbox 747 1021 849 1061; x_wconf 85' lang='lat' dir='ltr'><strong>curans</strong></span> 
     </span>
     <span class='ocr_line' id='line_1_12' title="bbox 62 1077 555 1145; baseline -0.004 -14"><span class='ocrx_word' id='word_1_81' title='bbox 62 1092 163 1131; x_wconf 87' lang='lat' dir='ltr'><strong>aureae</strong></span> <span class='ocrx_word' id='word_1_82' title='bbox 174 1077 267 1144; x_wconf 87' lang='lat' dir='ltr'><strong>pondo</strong></span> <span class='ocrx_word' id='word_1_83' title='bbox 278 1078 426 1145; x_wconf 70' lang='lat' dir='ltr'><strong>sexaginta</strong></span> <span class='ocrx_word' id='word_1_84' title='bbox 437 1082 555 1145; x_wconf 85' lang='lat' dir='ltr'><strong>septem.</strong></span> 
     </span>
    </p>

    <p class='ocr_par' dir='ltr' id='par_1_3' title="bbox 61 1143 849 2816">
     <span class='ocr_line' id='line_1_13' title="bbox 113 1143 849 1214; baseline 0.008 -17"><span class='ocrx_word' id='word_1_85' title='bbox 113 1145 202 1199; x_wconf 88' lang='lat' dir='ltr'><strong>XVll.</strong></span> <span class='ocrx_word' id='word_1_86' title='bbox 224 1146 330 1199; x_wconf 85' lang='lat' dir='ltr'><strong>Eodem</strong></span> <span class='ocrx_word' id='word_1_87' title='bbox 347 1163 419 1200; x_wconf 89' lang='lat' dir='ltr'><strong>anno</strong></span> <span class='ocrx_word' id='word_1_88' title='bbox 431 1149 505 1201; x_wconf 91' lang='lat' dir='ltr'><strong>iuter</strong></span> <span class='ocrx_word' id='word_1_89' title='bbox 515 1144 648 1213; x_wconf 87' lang='lat' dir='ltr'><strong>populum</strong></span> <span class='ocrx_word' id='word_1_90' title='bbox 659 1143 849 1214; x_wconf 71' lang='lat' dir='ltr'><strong>Carthaginis!</strong></span> 
     </span>
     <span class='ocr_line' id='line_1_14' title="bbox 62 1214 849 1285; baseline -0.001 -15"><span class='ocrx_word' id='word_1_91' title='bbox 62 1231 121 1271; x_wconf 91' lang='lat' dir='ltr'><strong>sem</strong></span> <span class='ocrx_word' id='word_1_92' title='bbox 132 1222 161 1270; x_wconf 87' lang='lat' dir='ltr'><strong>et</strong></span> <span class='ocrx_word' id='word_1_93' title='bbox 171 1220 266 1285; x_wconf 79' lang='lat' dir='ltr'><strong>regem</strong></span> <span class='ocrx_word' id='word_1_94' title='bbox 276 1217 455 1271; x_wconf 83' lang='lat' dir='ltr'><strong>Masinissam</strong></span> <span class='ocrx_word' id='word_1_95' title='bbox 466 1218 496 1273; x_wconf 86' lang='lat' dir='ltr'><strong>ia</strong></span> <span class='ocrx_word' id='word_1_96' title='bbox 506 1232 539 1269; x_wconf 89' lang='lat' dir='ltr'><strong>rc</strong></span> <span class='ocrx_word' id='word_1_97' title='bbox 547 1217 689 1285; x_wconf 82' lang='lat' dir='ltr'><strong>praesenti</strong></span> <span class='ocrx_word' id='word_1_98' title='bbox 700 1214 849 1282; x_wconf 74' lang='lat' dir='ltr'><strong>disceptes«</strong></span> 
     </span>
     <span class='ocr_line' id='line_1_15' title="bbox 61 1285 849 1355; baseline -0.006 -13"><span class='ocrx_word' id='word_1_99' title='bbox 61 1303 108 1342; x_wconf 87' lang='lat' dir='ltr'><strong>res</strong></span> <span class='ocrx_word' id='word_1_100' title='bbox 117 1287 237 1339; x_wconf 86' lang='lat' dir='ltr'><strong>Romani</strong></span> <span class='ocrx_word' id='word_1_101' title='bbox 251 1285 285 1340; x_wconf 88' lang='lat' dir='ltr'><strong>de</strong></span> <span class='ocrx_word' id='word_1_102' title='bbox 303 1302 371 1355; x_wconf 88' lang='lat' dir='ltr'><strong>agro</strong></span> <span class='ocrx_word' id='word_1_103' title='bbox 386 1287 510 1341; x_wconf 80' lang='lat' dir='ltr'><strong>fuerunt.</strong></span> <span class='ocrx_word' id='word_1_104' title='bbox 546 1288 664 1353; x_wconf 82' lang='lat' dir='ltr'><strong>Ceperat</strong></span> <span class='ocrx_word' id='word_1_105' title='bbox 680 1300 742 1338; x_wconf 90' lang='lat' dir='ltr'><strong>eum</strong></span> <span class='ocrx_word' id='word_1_106' title='bbox 758 1287 792 1338; x_wconf 85' lang='lat' dir='ltr'><strong>ab</strong></span> <span class='ocrx_word' id='word_1_107' title='bbox 804 1286 849 1337; x_wconf 79' lang='lat' dir='ltr'><strong>Gar</strong></span> 
     </span>
     <span class='ocr_line' id='line_1_16' title="bbox 62 1353 849 1425; baseline -0.003 -16"><span class='ocrx_word' id='word_1_108' title='bbox 62 1355 293 1425; x_wconf 84' lang='lat' dir='ltr'><strong>thaginicnsibus‚</strong></span> <span class='ocrx_word' id='word_1_109' title='bbox 315 1364 396 1423; x_wconf 87' lang='lat' dir='ltr'><strong>pater</strong></span> <span class='ocrx_word' id='word_1_110' title='bbox 404 1357 580 1417; x_wconf 87' lang='lat' dir='ltr'><strong>Masinissae,</strong></span> <span class='ocrx_word' id='word_1_111' title='bbox 600 1355 686 1407; x_wconf 81' lang='lat' dir='ltr'><strong>Gala-s</strong></span> <span class='ocrx_word' id='word_1_112' title='bbox 707 1354 808 1407; x_wconf 77' lang='lat' dir='ltr'><strong>(ialam</strong></span> <span class='ocrx_word' id='word_1_113' title='bbox 819 1353 849 1422; x_wconf 67' lang='lat' dir='ltr'><strong>Sp</strong></span> 
     </span>
     <span class='ocr_line' id='line_1_17' title="bbox 64 1424 849 1494; baseline -0.003 -17"><span class='ocrx_word' id='word_1_114' title='bbox 64 1426 212 1494; x_wconf 82' lang='lat' dir='ltr'><strong>plraxinde</strong></span> <span class='ocrx_word' id='word_1_115' title='bbox 223 1425 379 1492; x_wconf 81' lang='lat' dir='ltr'><strong>expulerat:</strong></span> <span class='ocrx_word' id='word_1_116' title='bbox 400 1430 508 1491; x_wconf 88' lang='lat' dir='ltr'><strong>postea,</strong></span> <span class='ocrx_word' id='word_1_117' title='bbox 524 1424 553 1475; x_wconf 91' lang='lat' dir='ltr'><strong>in</strong></span> <span class='ocrx_word' id='word_1_118' title='bbox 565 1426 686 1491; x_wconf 78' lang='lat' dir='ltr'><strong>gratiam</strong></span> <span class='ocrx_word' id='word_1_119' title='bbox 696 1424 849 1476; x_wconf 84' lang='lat' dir='ltr'><strong>sacerillsu</strong></span> 
     </span>
     <span class='ocr_line' id='line_1_18' title="bbox 64 1491 849 1561; baseline -0.001 -15"><span class='ocrx_word' id='word_1_120' title='bbox 64 1495 203 1556; x_wconf 87' lang='lat' dir='ltr'><strong>drubalis,</strong></span> <span class='ocrx_word' id='word_1_121' title='bbox 222 1493 498 1561; x_wconf 83' lang='lat' dir='ltr'><strong>Carthaginiensibus</strong></span> <span class='ocrx_word' id='word_1_122' title='bbox 510 1492 584 1544; x_wconf 90' lang='lat' dir='ltr'><strong>dono</strong></span> <span class='ocrx_word' id='word_1_123' title='bbox 596 1492 719 1549; x_wconf 79' lang='lat' dir='ltr'><strong>dederat.</strong></span> <span class='ocrx_word' id='word_1_124' title='bbox 755 1491 849 1547; x_wconf 74' lang='lat' dir='ltr'><strong>cursu</strong></span> 
     </span>
     <span class='ocr_line' id='line_1_19' title="bbox 64 1562 848 1632; baseline 0.005 -19"><span class='ocrx_word' id='word_1_125' title='bbox 64 1564 201 1632; x_wconf 84' lang='lat' dir='ltr'><strong>ginienses</strong></span> <span class='ocrx_word' id='word_1_126' title='bbox 218 1577 251 1614; x_wconf 88' lang='lat' dir='ltr'><strong>eo</strong></span> <span class='ocrx_word' id='word_1_127' title='bbox 268 1578 340 1613; x_wconf 87' lang='lat' dir='ltr'><strong>nunc</strong></span> <span class='ocrx_word' id='word_1_128' title='bbox 355 1562 508 1615; x_wconf 86' lang='lat' dir='ltr'><strong>Masinissa</strong></span> <span class='ocrx_word' id='word_1_129' title='bbox 524 1563 680 1628; x_wconf 83' lang='lat' dir='ltr'><strong>expulerat.</strong></span> <span class='ocrx_word' id='word_1_130' title='bbox 716 1563 801 1619; x_wconf 84' lang='lat' dir='ltr'><strong>Haud</strong></span> <span class='ocrx_word' id='word_1_131' title='bbox 820 1578 848 1617; x_wconf 77' lang='lat' dir='ltr'><strong>ss</strong></span> 
     </span>
     <span class='ocr_line' id='line_1_20' title="bbox 65 1631 849 1701; baseline 0.005 -19"><span class='ocrx_word' id='word_1_132' title='bbox 65 1646 133 1683; x_wconf 88' lang='lat' dir='ltr'><strong>nore</strong></span> <span class='ocrx_word' id='word_1_133' title='bbox 144 1631 296 1683; x_wconf 89' lang='lat' dir='ltr'><strong>certamine</strong></span> <span class='ocrx_word' id='word_1_134' title='bbox 307 1631 479 1695; x_wconf 89' lang='lat' dir='ltr'><strong>animorum,</strong></span> <span class='ocrx_word' id='word_1_135' title='bbox 495 1647 577 1700; x_wconf 85' lang='lat' dir='ltr'><strong>quam</strong></span> <span class='ocrx_word' id='word_1_136' title='bbox 589 1648 673 1701; x_wconf 84' lang='lat' dir='ltr'><strong>quum</strong></span> <span class='ocrx_word' id='word_1_137' title='bbox 684 1633 760 1686; x_wconf 79' lang='lat' dir='ltr'><strong>ferre</strong></span> <span class='ocrx_word' id='word_1_138' title='bbox 771 1638 800 1685; x_wconf 90' lang='lat' dir='ltr'><strong>et</strong></span> <span class='ocrx_word' id='word_1_139' title='bbox 811 1632 849 1686; x_wconf 84' lang='lat' dir='ltr'><strong>acl</strong></span> 
     </span>
     <span class='ocr_line' id='line_1_21' title="bbox 64 1700 849 1771; baseline 0.005 -20"><span class='ocrx_word' id='word_1_140' title='bbox 64 1700 243 1762; x_wconf 84' lang='lat' dir='ltr'><strong>dimicarunt,</strong></span> <span class='ocrx_word' id='word_1_141' title='bbox 261 1715 306 1753; x_wconf 87' lang='lat' dir='ltr'><strong>res</strong></span> <span class='ocrx_word' id='word_1_142' title='bbox 316 1707 381 1755; x_wconf 86' lang='lat' dir='ltr'><strong>acta</strong></span> <span class='ocrx_word' id='word_1_143' title='bbox 391 1700 466 1768; x_wconf 90' lang='lat' dir='ltr'><strong>apud</strong></span> <span class='ocrx_word' id='word_1_144' title='bbox 475 1703 625 1756; x_wconf 86' lang='lat' dir='ltr'><strong>Romanos.</strong></span> <span class='ocrx_word' id='word_1_145' title='bbox 662 1701 849 1771; x_wconf 70' lang='lat' dir='ltr'><strong>Carthaginis</strong></span> 
     </span>
     <span class='ocr_line' id='line_1_22' title="bbox 64 1769 849 1838; baseline 0.004 -16"><span class='ocrx_word' id='word_1_146' title='bbox 64 1786 118 1834; x_wconf 88' lang='lat' dir='ltr'><strong>sas,</strong></span> <span class='ocrx_word' id='word_1_147' title='bbox 133 1769 208 1838; x_wconf 88' lang='lat' dir='ltr'><strong>quod</strong></span> <span class='ocrx_word' id='word_1_148' title='bbox 216 1772 306 1838; x_wconf 88' lang='lat' dir='ltr'><strong>prime</strong></span> <span class='ocrx_word' id='word_1_149' title='bbox 317 1771 455 1825; x_wconf 89' lang='lat' dir='ltr'><strong>maiorum</strong></span> <span class='ocrx_word' id='word_1_150' title='bbox 466 1787 581 1825; x_wconf 90' lang='lat' dir='ltr'><strong>sucrum</strong></span> <span class='ocrx_word' id='word_1_151' title='bbox 592 1772 702 1838; x_wconf 83' lang='lat' dir='ltr'><strong>luisset,</strong></span> <span class='ocrx_word' id='word_1_152' title='bbox 724 1771 849 1825; x_wconf 86' lang='lat' dir='ltr'><strong>deiudes</strong></span> 
     </span>
     <span class='ocr_line' id='line_1_23' title="bbox 64 1839 849 1909; baseline 0.003 -16"><span class='ocrx_word' id='word_1_153' title='bbox 64 1839 194 1909; x_wconf 82' lang='lat' dir='ltr'><strong>Syphace</strong></span> <span class='ocrx_word' id='word_1_154' title='bbox 210 1839 246 1893; x_wconf 91' lang='lat' dir='ltr'><strong>ad</strong></span> <span class='ocrx_word' id='word_1_155' title='bbox 256 1857 287 1894; x_wconf 90' lang='lat' dir='ltr'><strong>se</strong></span> <span class='ocrx_word' id='word_1_156' title='bbox 298 1842 485 1909; x_wconf 85' lang='lat' dir='ltr'><strong>pervenisset,</strong></span> <span class='ocrx_word' id='word_1_157' title='bbox 504 1843 676 1909; x_wconf 88' lang='lat' dir='ltr'><strong>repetebant.</strong></span> <span class='ocrx_word' id='word_1_158' title='bbox 712 1842 849 1895; x_wconf 73' lang='lat' dir='ltr'><strong>Masiniss</strong></span> 
     </span>
     <span class='ocr_line' id='line_1_24' title="bbox 62 1910 849 1982; baseline 0.003 -19"><span class='ocrx_word' id='word_1_159' title='bbox 62 1910 176 1979; x_wconf 82' lang='lat' dir='ltr'><strong>paterni</strong></span> <span class='ocrx_word' id='word_1_160' title='bbox 193 1911 274 1982; x_wconf 82' lang='lat' dir='ltr'><strong>regni</strong></span> <span class='ocrx_word' id='word_1_161' title='bbox 294 1928 310 1964; x_wconf 84' lang='lat' dir='ltr'><strong>a</strong></span> <span class='ocrx_word' id='word_1_162' title='bbox 331 1929 391 1966; x_wconf 85' lang='lat' dir='ltr'><strong>rum</strong></span> <span class='ocrx_word' id='word_1_163' title='bbox 407 1929 435 1965; x_wconf 85' lang='lat' dir='ltr'><strong>se</strong></span> <span class='ocrx_word' id='word_1_164' title='bbox 451 1922 478 1969; x_wconf 89' lang='lat' dir='ltr'><strong>et</strong></span> <span class='ocrx_word' id='word_1_165' title='bbox 494 1913 635 1981; x_wconf 77' lang='lat' dir='ltr'><strong>recepisse,</strong></span> <span class='ocrx_word' id='word_1_166' title='bbox 657 1921 684 1965; x_wconf 84' lang='lat' dir='ltr'><strong>et</strong></span> <span class='ocrx_word' id='word_1_167' title='bbox 699 1911 849 1965; x_wconf 76' lang='lat' dir='ltr'><strong>hetereius</strong></span> 
     </span>
     <span class='ocr_line' id='line_1_25' title="bbox 62 1981 849 2051; baseline -0.003 -17"><span class='ocrx_word' id='word_1_168' title='bbox 62 1982 200 2051; x_wconf 81' lang='lat' dir='ltr'><strong>gentium,</strong></span> <span class='ocrx_word' id='word_1_169' title='bbox 222 1982 323 2044; x_wconf 87' lang='lat' dir='ltr'><strong>aieba,</strong></span> <span class='ocrx_word' id='word_1_170' title='bbox 344 1993 370 2035; x_wconf 88' lang='lat' dir='ltr'><strong>et</strong></span> <span class='ocrx_word' id='word_1_171' title='bbox 381 1999 476 2045; x_wconf 85' lang='lat' dir='ltr'><strong>causa,</strong></span> <span class='ocrx_word' id='word_1_172' title='bbox 497 1981 849 2049; x_wconf 78' lang='lat' dir='ltr'><strong>etpcssesss&#39;anesuperiese</strong></span> 
     </span>
     <span class='ocr_line' id='line_1_26' title="bbox 65 2049 849 2122; baseline 0.003 -21"><span class='ocrx_word' id='word_1_173' title='bbox 65 2066 128 2102; x_wconf 84' lang='lat' dir='ltr'><strong>esse.</strong></span> <span class='ocrx_word' id='word_1_174' title='bbox 158 2049 235 2102; x_wconf 84' lang='lat' dir='ltr'><strong>Nilsil</strong></span> <span class='ocrx_word' id='word_1_175' title='bbox 244 2051 321 2105; x_wconf 83' lang='lat' dir='ltr'><strong>aliud</strong></span> <span class='ocrx_word' id='word_1_176' title='bbox 330 2068 357 2104; x_wconf 89' lang='lat' dir='ltr'><strong>se</strong></span> <span class='ocrx_word' id='word_1_177' title='bbox 366 2052 396 2107; x_wconf 83' lang='lat' dir='ltr'><strong>in</strong></span> <span class='ocrx_word' id='word_1_178' title='bbox 406 2069 438 2105; x_wconf 84' lang='lat' dir='ltr'><strong>ea</strong></span> <span class='ocrx_word' id='word_1_179' title='bbox 449 2049 641 2118; x_wconf 76' lang='lat' dir='ltr'><strong>disceptatione</strong></span> <span class='ocrx_word' id='word_1_180' title='bbox 652 2059 781 2113; x_wconf 85' lang='lat' dir='ltr'><strong>metuere,</strong></span> <span class='ocrx_word' id='word_1_181' title='bbox 793 2068 849 2122; x_wconf 74' lang='lat' dir='ltr'><strong>que</strong></span> 
     </span>
     <span class='ocr_line' id='line_1_27' title="bbox 64 2118 849 2189; baseline 0.008 -20"><span class='ocrx_word' id='word_1_182' title='bbox 64 2118 399 2185; x_wconf 77' lang='lat' dir='ltr'><strong>nepudsrllcsanncrum,</strong></span> <span class='ocrx_word' id='word_1_183' title='bbox 419 2121 649 2183; x_wconf 67' lang='lat' dir='ltr'><strong>annecterentur,</strong></span> <span class='ocrx_word' id='word_1_184' title='bbox 668 2137 701 2173; x_wconf 85' lang='lat' dir='ltr'><strong>sse</strong></span> <span class='ocrx_word' id='word_1_185' title='bbox 717 2120 784 2189; x_wconf 78' lang='lat' dir='ltr'><strong>quid</strong></span> <span class='ocrx_word' id='word_1_186' title='bbox 801 2118 849 2175; x_wconf 74' lang='lat' dir='ltr'><strong>sse</strong></span> 
     </span>
     <span class='ocr_line' id='line_1_28' title="bbox 65 2187 849 2260; baseline 0.014 -22"><span class='ocrx_word' id='word_1_187' title='bbox 65 2196 147 2254; x_wconf 80' lang='lat' dir='ltr'><strong>atque</strong></span> <span class='ocrx_word' id='word_1_188' title='bbox 165 2187 252 2243; x_wconf 83' lang='lat' dir='ltr'><strong>amica</strong></span> <span class='ocrx_word' id='word_1_189' title='bbox 263 2189 324 2260; x_wconf 74' lang='lat' dir='ltr'><strong>regi</strong></span> <span class='ocrx_word' id='word_1_190' title='bbox 335 2191 462 2244; x_wconf 82' lang='lat' dir='ltr'><strong>adversus</strong></span> <span class='ocrx_word' id='word_1_191' title='bbox 474 2207 624 2245; x_wconf 83' lang='lat' dir='ltr'><strong>communes</strong></span> <span class='ocrx_word' id='word_1_192' title='bbox 634 2206 695 2245; x_wconf 83' lang='lat' dir='ltr'><strong>suos</strong></span> <span class='ocrx_word' id='word_1_193' title='bbox 706 2190 849 2259; x_wconf 67' lang='lat' dir='ltr'><strong>utensiliis</strong></span> 
     </span>
     <span class='ocr_line' id='line_1_29' title="bbox 65 2255 849 2332; baseline 0.013 -25"><span class='ocrx_word' id='word_1_194' title='bbox 65 2255 152 2310; x_wconf 72' lang='lat' dir='ltr'><strong>testes</strong></span> <span class='ocrx_word' id='word_1_195' title='bbox 162 2257 303 2313; x_wconf 79' lang='lat' dir='ltr'><strong>indulsisse</strong></span> <span class='ocrx_word' id='word_1_196' title='bbox 313 2261 466 2327; x_wconf 78' lang='lat' dir='ltr'><strong>uideantur,</strong></span> <span class='ocrx_word' id='word_1_197' title='bbox 478 2262 573 2315; x_wconf 78' lang='lat' dir='ltr'><strong>damac</strong></span> <span class='ocrx_word' id='word_1_198' title='bbox 582 2261 627 2313; x_wconf 83' lang='lat' dir='ltr'><strong>sit.</strong></span> <span class='ocrx_word' id='word_1_199' title='bbox 653 2261 754 2332; x_wconf 81' lang='lat' dir='ltr'><strong>Legati</strong></span> <span class='ocrx_word' id='word_1_200' title='bbox 765 2276 849 2328; x_wconf 77' lang='lat' dir='ltr'><strong>pesse</strong></span> 
     </span>
     <span class='ocr_line' id='line_1_30' title="bbox 65 2325 849 2400; baseline 0.008 -23"><span class='ocrx_word' id='word_1_201' title='bbox 65 2325 151 2378; x_wconf 88' lang='lat' dir='ltr'><strong>sionis</strong></span> <span class='ocrx_word' id='word_1_202' title='bbox 167 2329 210 2381; x_wconf 91' lang='lat' dir='ltr'><strong>lus</strong></span> <span class='ocrx_word' id='word_1_203' title='bbox 225 2343 282 2381; x_wconf 89' lang='lat' dir='ltr'><strong>non</strong></span> <span class='ocrx_word' id='word_1_204' title='bbox 296 2337 451 2383; x_wconf 87' lang='lat' dir='ltr'><strong>mutarunt:</strong></span> <span class='ocrx_word' id='word_1_205' title='bbox 476 2347 587 2385; x_wconf 89' lang='lat' dir='ltr'><strong>causam</strong></span> <span class='ocrx_word' id='word_1_206' title='bbox 603 2331 743 2400; x_wconf 83' lang='lat' dir='ltr'><strong>integram</strong></span> <span class='ocrx_word' id='word_1_207' title='bbox 754 2331 849 2383; x_wconf 68' lang='lat' dir='ltr'><strong>Reme!</strong></span> 
     </span>
     <span class='ocr_line' id='line_1_31' title="bbox 65 2395 818 2471; baseline 0.013 -24"><span class='ocrx_word' id='word_1_208' title='bbox 65 2395 100 2447; x_wconf 86' lang='lat' dir='ltr'><strong>ad</strong></span> <span class='ocrx_word' id='word_1_209' title='bbox 113 2402 239 2451; x_wconf 89' lang='lat' dir='ltr'><strong>senatum</strong></span> <span class='ocrx_word' id='word_1_210' title='bbox 250 2398 415 2453; x_wconf 89' lang='lat' dir='ltr'><strong>reiecerunt.</strong></span> <span class='ocrx_word' id='word_1_211' title='bbox 434 2402 466 2453; x_wconf 92' lang='lat' dir='ltr'><strong>ln</strong></span> <span class='ocrx_word' id='word_1_212' title='bbox 472 2402 627 2471; x_wconf 86' lang='lat' dir='ltr'><strong>Liguribus</strong></span> <span class='ocrx_word' id='word_1_213' title='bbox 637 2401 705 2454; x_wconf 91' lang='lat' dir='ltr'><strong>nihil</strong></span> <span class='ocrx_word' id='word_1_214' title='bbox 716 2408 818 2468; x_wconf 83' lang='lat' dir='ltr'><strong>pastea</strong></span> 
     </span>
     <span class='ocr_line' id='line_1_32' title="bbox 64 2416 849 2537; baseline 0.011 -23"><span class='ocrx_word' id='word_1_215' title='bbox 64 2470 148 2515; x_wconf 88' lang='lat' dir='ltr'><strong>stum.</strong></span> <span class='ocrx_word' id='word_1_216' title='bbox 171 2466 356 2522; x_wconf 85' lang='lat' dir='ltr'><strong>Recessarant</strong></span> <span class='ocrx_word' id='word_1_217' title='bbox 366 2471 485 2537; x_wconf 89' lang='lat' dir='ltr'><strong>primum</strong></span> <span class='ocrx_word' id='word_1_218' title='bbox 497 2473 525 2523; x_wconf 93' lang='lat' dir='ltr'><strong>in</strong></span> <span class='ocrx_word' id='word_1_219' title='bbox 538 2472 632 2524; x_wconf 83' lang='lat' dir='ltr'><strong>devius</strong></span> <span class='ocrx_word' id='word_1_220' title='bbox 642 2472 745 2523; x_wconf 89' lang='lat' dir='ltr'><strong>saltus:</strong></span> <span class='ocrx_word' id='word_1_221' title='bbox 759 2416 849 2523; x_wconf 59' lang='lat' dir='ltr'><strong>dcinffi</strong></span> 
     </span>
     <span class='ocr_line' id='line_1_33' title="bbox 66 2533 849 2608; baseline 0.01 -25"><span class='ocrx_word' id='word_1_222' title='bbox 66 2533 179 2587; x_wconf 85' lang='lat' dir='ltr'><strong>dimissu</strong></span> <span class='ocrx_word' id='word_1_223' title='bbox 191 2537 325 2600; x_wconf 84' lang='lat' dir='ltr'><strong>exercitu,</strong></span> <span class='ocrx_word' id='word_1_224' title='bbox 345 2540 447 2605; x_wconf 90' lang='lat' dir='ltr'><strong>passim</strong></span> <span class='ocrx_word' id='word_1_225' title='bbox 458 2543 486 2593; x_wconf 92' lang='lat' dir='ltr'><strong>in</strong></span> <span class='ocrx_word' id='word_1_226' title='bbox 497 2542 574 2593; x_wconf 83' lang='lat' dir='ltr'><strong>vices</strong></span> <span class='ocrx_word' id='word_1_227' title='bbox 586 2541 757 2608; x_wconf 85' lang='lat' dir='ltr'><strong>castellaque</strong></span> <span class='ocrx_word' id='word_1_228' title='bbox 767 2539 849 2595; x_wconf 85' lang='lat' dir='ltr'><strong>suad</strong></span> 
     </span>
     <span class='ocr_line' id='line_1_34' title="bbox 66 2602 849 2676; baseline 0.008 -23"><span class='ocrx_word' id='word_1_229' title='bbox 66 2602 140 2669; x_wconf 88' lang='lat' dir='ltr'><strong>lapsi</strong></span> <span class='ocrx_word' id='word_1_230' title='bbox 156 2611 230 2657; x_wconf 87' lang='lat' dir='ltr'><strong>sunt.</strong></span> <span class='ocrx_word' id='word_1_231' title='bbox 267 2608 400 2660; x_wconf 84' lang='lat' dir='ltr'><strong>Consules</strong></span> <span class='ocrx_word' id='word_1_232' title='bbox 423 2624 532 2676; x_wconf 82' lang='lat' dir='ltr'><strong>quoque</strong></span> <span class='ocrx_word' id='word_1_233' title='bbox 552 2609 694 2662; x_wconf 89' lang='lat' dir='ltr'><strong>dimittere</strong></span> <span class='ocrx_word' id='word_1_234' title='bbox 715 2610 849 2667; x_wconf 78' lang='lat' dir='ltr'><strong>exercitus</strong></span> 
     </span>
     <span class='ocr_line' id='line_1_35' title="bbox 65 2673 849 2738; baseline 0.011 -16"><span class='ocrx_word' id='word_1_235' title='bbox 65 2673 222 2738; x_wconf 79' lang='lat' dir='ltr'><strong>voluerunt,</strong></span> <span class='ocrx_word' id='word_1_236' title='bbox 237 2689 270 2727; x_wconf 88' lang='lat' dir='ltr'><strong>ac</strong></span> <span class='ocrx_word' id='word_1_237' title='bbox 280 2676 314 2728; x_wconf 89' lang='lat' dir='ltr'><strong>dc</strong></span> <span class='ocrx_word' id='word_1_238' title='bbox 326 2692 359 2728; x_wconf 92' lang='lat' dir='ltr'><strong>ea</strong></span> <span class='ocrx_word' id='word_1_239' title='bbox 369 2694 400 2730; x_wconf 88' lang='lat' dir='ltr'><strong>re</strong></span> <span class='ocrx_word' id='word_1_240' title='bbox 412 2677 509 2733; x_wconf 86' lang='lat' dir='ltr'><strong>Patres</strong></span> <span class='ocrx_word' id='word_1_241' title='bbox 520 2678 725 2732; x_wconf 86' lang='lat' dir='ltr'><strong>consuluerunt.</strong></span> <span class='ocrx_word' id='word_1_242' title='bbox 743 2681 849 2733; x_wconf 79' lang='lat' dir='ltr'><strong>Alteras</strong></span> 
     </span>
     <span class='ocr_line' id='line_1_36' title="bbox 66 2740 849 2816; baseline 0.01 -24"><span class='ocrx_word' id='word_1_243' title='bbox 66 2756 101 2793; x_wconf 82' lang='lat' dir='ltr'><strong>ex</strong></span> <span class='ocrx_word' id='word_1_244' title='bbox 110 2740 168 2806; x_wconf 87' lang='lat' dir='ltr'><strong>his,</strong></span> <span class='ocrx_word' id='word_1_245' title='bbox 188 2744 304 2797; x_wconf 85' lang='lat' dir='ltr'><strong>dimisso</strong></span> <span class='ocrx_word' id='word_1_246' title='bbox 325 2748 461 2811; x_wconf 82' lang='lat' dir='ltr'><strong>exercitu,</strong></span> <span class='ocrx_word' id='word_1_247' title='bbox 480 2746 516 2800; x_wconf 81' lang='lat' dir='ltr'><strong>sd</strong></span> <span class='ocrx_word' id='word_1_248' title='bbox 530 2748 711 2816; x_wconf 82' lang='lat' dir='ltr'><strong>magistratus</strong></span> <span class='ocrx_word' id='word_1_249' title='bbox 725 2749 755 2801; x_wconf 91' lang='lat' dir='ltr'><strong>iu</strong></span> <span class='ocrx_word' id='word_1_250' title='bbox 767 2763 849 2801; x_wconf 85' lang='lat' dir='ltr'><strong>anum</strong></span> 
     </span>
    </p>

    <p class='ocr_par' dir='ltr' id='par_1_4' title="bbox 51 2814 849 2879">
     <span class='ocr_line' id='line_1_37' title="bbox 51 2814 849 2879; baseline 0.015 -23"><span class='ocrx_word' id='word_1_251' title='bbox 51 2814 193 2871; x_wconf 75' lang='lat' dir='ltr'><strong>creandas</strong></span> <span class='ocrx_word' id='word_1_252' title='bbox 202 2816 301 2873; x_wconf 74' lang='lat' dir='ltr'><strong>venire</strong></span> <span class='ocrx_word' id='word_1_253' title='bbox 310 2816 432 2875; x_wconf 77' lang='lat' dir='ltr'><strong>Romam</strong></span> <span class='ocrx_word' id='word_1_254' title='bbox 446 2817 605 2879; x_wconf 73' lang='lat' dir='ltr'><strong>iusserunt:</strong></span> <span class='ocrx_word' id='word_1_255' title='bbox 625 2819 747 2872; x_wconf 81' lang='lat' dir='ltr'><strong>alterum</strong></span> <span class='ocrx_word' id='word_1_256' title='bbox 758 2818 849 2871; x_wconf 69' lang='lat' dir='ltr'><strong>euml&lt;</strong></span> 
     </span>
    </p>
   </div>
   <div class='ocr_carea' id='block_1_3' title="bbox 0 130 938 2994">
    <p class='ocr_par' dir='ltr' id='par_1_5' title="bbox 0 130 938 2994">
     <span class='ocr_line' id='line_1_38' title="bbox 0 130 938 2994; baseline 0 0"><span class='ocrx_word' id='word_1_257' title='bbox 0 130 938 2994; x_wconf 95' lang='lat' dir='ltr'><strong> </strong></span> 
     </span>
    </p>
   </div>
  </div>
 </body>
</html>
