1876 2970
73 118 128 170 3-14
227 118 261 169 n.
279 113 386 167 mvn
408 108 737 182 [n.e.sss.s.c.1o7.]

523 190 877 213 --—-—-·v··

78 192 520 212 ..-.---—--—-

78 223 181 275 easdem
192 235 333 289 agrosque,
344 226 449 271 utentes
458 216 562 284 iegibus
573 214 639 278 suis,
645 232 754 269 annuos
766 228 877 273 creantes

76 290 274 359 tnagistratus:
293 289 425 342 tributum
436 285 576 337 stiricidium
587 284 655 349 eius,
666 288 877 356 qootpepentts

77 369 136 412 sent
145 360 264 428 regibus,
273 360 389 427 pendere
397 358 496 423 populo
507 354 640 407 Romano.
650 353 763 410 Deinde
773 359 803 411 in
812 366 877 427 quat·

77 441 141 481 taor
152 429 276 499 regiones
286 426 372 478 eistat
381 424 578 478 Macedoniam.
607 423 700 478 Unam
715 428 786 499 fore
798 438 824 481 et
830 426 878 495 pri·

76 516 148 551 mam
156 509 279 567 portem,
300 496 372 563 quob
389 495 455 566 agri
468 494 539 547 inter
553 495 728 563 Strymonem
738 507 767 553 et
777 497 878 551 Nessus

77 585 183 622 onmem
193 568 245 618 sit:
265 582 436 618 accessurum
448 564 598 633 bnicparti
609 573 691 619 trans
703 564 835 631 Nessum,
853 564 879 619 sb
907 600 910 607 ·

77 637 206 689 orientem
215 652 331 698 versum,
341 651 395 702 qua
408 636 525 688 Perseus
536 634 668 687 tenuisset
678 633 764 701 uicos,
771 638 879 695 casteite,

78 705 191 773 oppida,
210 715 324 773 praeter
334 705 450 769 Aenum,
471 713 498 757 et
513 704 697 768 Maroneam,
722 715 752 758 et
764 706 880 765 Abberot

78 785 156 827 trans
168 776 336 845 Strymonem
347 785 437 828 autem
447 774 590 843 vergentia
600 774 639 825 ab
648 790 794 839 occasum,
802 775 881 829 Bisal-

79 846 164 898 ticam
175 862 277 899 omnem
286 861 345 897 cum
357 845 500 906 Heraclea,
513 860 593 911 qnam
605 844 735 897 Sinticen
745 848 880 913 appeliant.

81 914 232 967 Sscnrsdam
243 916 311 985 fore
320 913 470 984 regionem,
491 930 572 980 quam
583 912 616 965 ab
634 922 703 966 ortu
714 914 826 985 Strymo
838 930 881 967 atr

75 988 243 1054 plecteretur
253 983 352 1046 amenis,
367 993 481 1052 praeter
493 983 616 1035 Sinticen
627 983 798 1038 Heracleam
807 993 834 1038 et
843 981 881 1035 m-

79 1059 181 1109 saltas.-
202 1055 235 1107 ab
248 1071 344 1111 occasu
359 1071 413 1122 qua
424 1052 512 1106 Anius
526 1052 692 1105 terminaret
702 1053 827 1123 fluuius,
845 1051 882 1105 ab·

79 1126 145 1177 stitis
157 1125 319 1186 Paeonibus,
329 1124 376 1193 qui
383 1139 469 1190 prope
480 1121 692 1191 Aniumflumen
702 1126 745 1177 ad
756 1124 883 1195 regionem

80 1194 196 1246 orientis
208 1197 334 1247 colerent.
374 1194 470 1246 Tertia
477 1208 545 1260 pars
558 1192 655 1263 sucta,
665 1208 752 1260 quam
762 1194 847 1247 Axius
855 1189 883 1245 ab

81 1265 193 1325 oriente,
205 1265 312 1315 Peneus
323 1264 409 1316 temnit
420 1262 454 1315 ab
466 1276 574 1325 occasu,
587 1261 723 1331 cingunt:
746 1266 785 1316 ati
793 1273 885 1333 septen·

80 1334 197 1384 trionem
209 1331 285 1383 Bora
295 1349 367 1384 neone
379 1332 518 1385 obiicitur.
528 1333 644 1385 Adiecta
654 1332 723 1385 tote
730 1330 884 1403 partis-egio

79 1400 225 1460 Paeoniae,
237 1417 290 1464 qna
302 1404 335 1453 ab
347 1419 444 1454 occasu
450 1402 677 1469 praeterAxium
688 1420 799 1457 ansnem
807 1398 886 1474 porri·

76 1471 175 1536 gitur:
196 1469 300 1521 Ebosea
311 1487 413 1537 qnoque
425 1482 452 1523 et
462 1471 568 1524 Beroea
586 1473 677 1524 eodem
693 1478 885 1527 concesserunt.

82 1540 190 1602 (treenta
201 1540 277 1606 renio
289 1540 475 1594 transBorum
488 1551 674 1604 montumano
683 1556 772 1610 parte
783 1538 885 1614 confisis

79 1610 201 1678 Illyrico,
212 1613 301 1663 altera
313 1612 411 1679 Epiro.
442 1611 543 1679 Capito
553 1612 708 1682 regionum,
720 1616 769 1666 nbi
781 1610 886 1668 concitis

74 1680 192 1748 fierent,
210 1682 316 1748 primae
327 1682 447 1749 regionis
459 1683 650 1749 Amphipolim,
662 1689 802 1738 secundae
817 1683 886 1736 Tta-

80 1752 223 1812 satonicen,
237 1753 336 1803 tertiae
348 1753 467 1814 Peliam,
484 1763 599 1819 quartae
611 1753 799 1818 Pelagoniam
812 1751 884 1826 fecit.

80 1820 123 1869 Eo
141 1821 257 1872 concilia
272 1839 337 1873 serae
351 1822 478 1887 cuiusque
493 1822 613 1890 regionis
629 1822 719 1874 iudici
726 1860 733 1885 ‚
755 1824 885 1892 pecuniam

81 1891 212 1956 conferri,
223 1889 261 1939 ibi
271 1892 453 1960 rrtagristratns
463 1892 553 1943 creari
564 1891 655 1942 iussit.
695 1889 886 1945 Pronuntiam't

81 1957 194 2018 deinde,
214 1975 297 2024 nepte
309 1963 483 2024 connubium,
505 1979 589 2029 neqne
606 1964 800 2016 commercium
816 1976 885 2033 agro

79 2043 140 2075 rum
153 2027 391 2097 aedificiorumque
403 2032 476 2084 inter
493 2049 520 2082 se
537 2034 649 2098 placere
666 2033 800 2101 cuiqnam
815 2042 884 2085 extre

74 2095 146 2162 fines
159 2097 279 2161 regionis
289 2116 355 2151 snae
366 2117 429 2154 esse.
465 2100 579 2153 Metalla
601 2117 708 2169 quoqne
729 2106 794 2157 auri
814 2112 883 2169 otqm

79 2165 189 2229 arncnti
200 2180 252 2216 non
264 2170 401 2220 exerceri:
419 2171 492 2235 ferri
502 2181 529 2221 et
540 2171 611 2222 aeris
625 2173 766 2238 permitti.
803 2170 884 2227 tecti·

80 2235 125 2297 gal
139 2237 332 2287 exercentibus
345 2239 490 2290 dimidium
503 2242 562 2291 eius
573 2241 751 2306 impositum,
764 2243 836 2312 quob
847 2253 882 2307 pe·

79 2305 242 2367 pendissent
253 2309 323 2375 regi.
360 2309 396 2358 Et
409 2310 468 2361 sale
480 2311 589 2361 invecto
601 2311 644 2360 uti
654 2314 761 2365 vetuit.
788 2310 881 2365 Darda·

79 2376 121 2423 nis
133 2378 321 2438 repetentibus
337 2376 498 2442 Paeoniam,
520 2380 591 2444 qnod
609 2386 638 2431 et
655 2382 840 2443 innotuisset,
858 2388 881 2428 t!

78 2445 227 2496 continens
239 2453 314 2499 esset
325 2448 424 2498 finibus
436 2449 502 2509 suis,
512 2446 640 2501 Omnibus
654 2453 725 2503 ctare
737 2454 880 2505 tiberiana

69 2517 294 2584 pt’crnnntiuuit,
314 2517 362 2586 qni
378 2518 424 2568 tub
446 2533 531 2583 regno
546 2518 644 2566 Persei
660 2520 788 2585 fuissent.
824 2522 880 2572 Post

65 2607 128 2643 tion
142 2594 340 2663 impetratam
348 2585 518 2646 Paeoniam,
526 2582 596 2661 entis
606 2589 808 2660 enmmm'mnx
812 2590 886 2633 enixe.

59 2668 180 2722 tertiae
194 2662 325 2738 regioni
331 2655 512 2729 imperauit,
525 2656 564 2700 ut
570 2645 835 2697 &numinum
845 2650 908 2693 nexu-
