1860 2994
82 118 134 172 194
239 119 271 170 Τ.
290 114 397 168 Llh'll
423 116 465 183 [U.
477 114 505 165 C.
516 113 618 170 581.A.
630 115 659 165 C·
674 112 740 181 i7r.]

82 227 304 292 quodpraeterea
314 221 443 281 mitteret,
453 236 506 270 ison
517 234 586 269 esce.-
596 217 727 270 scentiam
736 234 830 271 eoram
836 234 873 287 ρ
880 262 928 297 9

83 294 196 346 Italiam
205 292 247 342 ire
257 291 405 344 licitarans.
419 289 464 339 lta
475 288 605 349 dimissis,
614 286 646 339 P.
654 284 768 339 Licinio
778 302 897 358 consa*
924 345 930 363 Δ

82 360 258 422 illaudatum,
270 360 343 411 intra
352 358 528 410 undecimum
541 356 614 408 diem
622 355 735 409 luberet
744 370 794 409 eos
805 357 926 429 mli..

83 431 227 495 excedere,
238 436 267 481 et
278 428 323 496 Sp.
336 428 485 480 Carvilium
497 427 636 489 mitteret,
658 426 719 493 qui,
740 425 832 480 donec
841 442 911 489 [ιη.

82 517 145 555 vem
157 498 387 560 conscendissent,
409 496 572 548 custodiret.
595 494 804 549 'llaecliomae
816 504 892 559 acta,

80 572 204 624 nondum
212 568 347 638 profectis
358 568 388 618 in
397 567 567 635 provinciam
579 565 747 617 consulibus.
768 566 829 616 lam
840 567 889 616 Gn.

82 641 215 702 Sicinius,
226 639 288 706 qui,
299 639 460 705 priusquam
470 637 638 702 magistratu
648 635 752 696 abiret,
767 632 889 685 Brundi·

82 711 154 761 sium
166 707 201 760 ad
213 708 329 759 classem
349 712 378 758 et
399 706 435 758 ad
455 705 608 758 exercitum
628 705 798 770 praemissus
820 709 891 768 erat,

82 776 248 830 traiectisin
260 778 376 843 Epirum
393 777 514 846 quinque
531 773 655 824 millibus
672 772 813 839 peditum,
832 780 890 827 trc-

83 847 171 900 centis
183 847 336 913 equitibus,
346 846 381 896 ad
392 842 585 912 Nymphaeum
596 844 626 894 in
636 857 704 911 agro
714 842 891 910 Apolloniati

84 922 178 968 castra
187 915 317 968 habebat.
352 914 420 966 lnde
429 914 559 966 tribunos
571 928 632 964 cum
645 913 753 964 duobus
764 912 890 965 millibus

82 986 204 1036 militum
220 985 256 1037 ad
277 982 438 1051 occupanda
446 983 673 1037 Dassaretiorum
689 990 718 1035 et
726 982 891 1049 lllyriorum

84 1055 211 1117 castella,
231 1055 300 1121 ipsis
310 1053 516 1106 arcessentibus
529 1052 680 1119 praesidia,
700 1053 891 1104 uttutiorcsa

83 1125 267 1177 finitimorum
277 1125 383 1191 impetu
393 1121 575 1177 Macedonum
587 1128 689 1185 essent,
699 1120 786 1172 misit.

137 1194 278 1247 XXXVII.
297 1194 396 1245 Paucis
407 1198 472 1258 post
481 1192 579 1244 diebus
590 1191 624 1253 Q.
636 1190 775 1253 Marcius,
787 1191 821 1243 A.
831 1190 892 1242 Ati-

83 1264 154 1326 lius,
175 1268 203 1315 et
218 1262 248 1313 P.
261 1267 289 1313 ot
299 1260 359 1313 Ser.
369 1261 494 1313 Cornelii
506 1260 633 1323 Lentuli,
654 1267 683 1312 et
694 1262 726 1312 L.
737 1258 893 1323 Decimius,

84 1332 175 1399 legati
185 1333 213 1381 in
224 1329 369 1382 Graeciam
380 1330 471 1392 missi,
493 1331 644 1397 Corcyram
666 1330 792 1397 peditum
811 1328 893 1381 mille

86 1415 180 1453 secum
191 1399 376 1451 advexerunt:
391 1400 433 1450 ibi
442 1400 516 1450 iuter
524 1415 556 1450 se
567 1406 595 1451 et
605 1401 744 1467 regiones,
754 1415 822 1466 quas
833 1398 893 1450 obi-

84 1475 158 1530 rent,
180 1474 208 1519 et
218 1468 322 1520 milites
334 1468 496 1520 diviserunt.
533 1469 678 1521 Decimius
689 1472 789 1521 missus
799 1472 843 1521 est
855 1467 893 1520 ad

87 1538 228 1600 Gentium,
239 1552 334 1606 regem
345 1538 515 1606 lllyriorum,
526 1555 620 1606 quom,
631 1542 655 1590 si
666 1541 788 1606 aliquem
799 1553 894 1605 respe-

88 1612 162 1658 ctum
175 1608 317 1661 amicitiae
337 1624 400 1660 eum
420 1608 524 1661 habere
542 1616 683 1672 cerneret,
703 1615 825 1672 tentare,
845 1612 896 1659 aut

88 1677 174 1729 etiam
186 1677 222 1729 ad
233 1677 302 1730 belli
313 1679 477 1731 societatem
494 1679 628 1746 pellicere
642 1680 745 1730 iussus.
779 1677 897 1730 Lentuli

88 1748 118 1798 in
129 1746 338 1815 Cephalleniam
354 1750 446 1811 missi,
461 1755 494 1800 ut
510 1750 539 1799 in
550 1748 771 1814 Peloponnesum
783 1748 897 1801 traiice-

88 1823 162 1879 rent‚
174 1832 305 1885 oramque
316 1818 410 1878 maris,
430 1819 459 1869 in
472 1817 642 1869 occidentem
653 1816 741 1875 rarsi,
763 1821 829 1865 ante
840 1815 897 1869 hie-

90 1899 164 1936 mem
177 1887 364 1937 circumirent.
399 1886 507 1937 Marcio
519 1891 548 1935 et
557 1884 644 1934 Atilio
655 1882 766 1947 Epirus,
773 1882 897 1949 Aetolia,

90 1959 121 2005 et
131 1952 278 2004 Thessalia
290 1953 502 2004 circumeundae
513 1952 697 2017 assignantur.
732 1949 897 2007 lade-lineo.

89 2022 161 2073 tiam
172 2027 254 2087 atque
266 2023 407 2074 Euboeam
418 2022 541 2086 aspicere
553 2020 636 2082 iussi3
648 2025 705 2070 tum
717 2018 747 2069 in
758 2018 896 2088 Pelopon·

88 2106 187 2142 nesam
200 2092 337 2141 traiicere.
373 2089 414 2141 lbi
432 2102 629 2155 congressuros
645 2106 675 2142 se
692 2105 754 2140 cum
765 2090 894 2143 Lentulis

92 2159 272 2210 constituunt.
309 2156 472 2224 Priusquam
495 2158 710 2226 digrederentur
729 2176 747 2211 a
763 2161 894 2229 Corcyra,

91 2228 193 2279 literae
204 2242 222 2276 a
231 2226 334 2278 Perseo
344 2226 448 2279 allatae
461 2234 533 2290 sunt,
545 2229 644 2295 quibus
655 2231 815 2295 quaerebat,
824 2246 894 2300 quae

93 2311 180 2348 causa
189 2295 321 2347 Romanis
341 2303 390 2347 aut
408 2297 438 2348 in
449 2296 593 2349 Graeciam
611 2299 770 2352 traiiciendi
791 2302 894 2367 copias,

93 2370 144 2417 aut
154 2366 237 2417 urbes
249 2368 409 2432 occupandi,
421 2367 512 2419 essett
523 2369 573 2419 Cui
583 2369 699 2420 rescribi
710 2384 764 2421 non
774 2369 894 2435 placuit3

92 2434 192 2487 nuntio
202 2434 305 2501 ipsius,
326 2437 375 2503 qui
384 2437 483 2489 literas
499 2439 647 2501 attulerat,
669 2438 734 2501 dici,
755 2436 896 2492 Praesidis'

95 2521 177 2557 causa
187 2505 310 2572 ipsarum
320 2507 426 2559 urbium
437 2506 684 2580 Romanosfacere.
711 2509 834 2572 Lentuli,
845 2509 895 2560 cir·

96 2582 254 2628 cumeuntes
259 2575 445 2645 Peloponnesi
455 2578 563 2644 oppida,
574 2593 656 2644 quum
666 2578 725 2630 sine
737 2577 894 2629 discrimine

81 2657 185 2699 omnes
198 2647 332 2706 civitates
342 2646 576 2713 adhortarentur,
591 2654 637 2714 ut,
654 2649 829 2716 queamus,
844 2662 899 2712 qua
