1860 2994
156 156 306 211 Lra.XL.
319 158 446 212 (ΞΛΜ,
463 158 767 229 [U.G·571·A.C.181·]
830 160 864 213 85

53 263 85 315 lu
95 261 274 315 altitudinem
284 263 512 330 egrediebantur,
529 264 619 331 magis
629 265 774 331 magisque
786 265 865 317 silve·

54 332 127 384 stria
142 336 172 384 et
181 331 315 399 pleraque
325 334 401 385 invia
412 334 476 386 loca
486 334 672 401 excipiebant.
708 334 866 387 Pervenerc

55 400 158 455 deinde
169 402 200 452 in
210 407 270 454 tarn
281 416 399 468 opacum
408 403 476 466 iter,
495 408 538 466 ut,
558 418 625 470 prae
636 403 773 457 densitate
785 404 866 456 arbo-

54 486 118 525 rum
128 470 374 541 immissorumque
384 472 504 525 aliorum
514 473 543 524 iu
554 474 627 526 alios
638 488 787 536 ramorum,
805 488 869 541 pcr-

54 540 130 609 spici
145 540 256 593 coelum
272 544 318 593 vix
328 549 437 609 possets
456 548 489 594 ut
499 557 566 595 vero
576 543 650 610 iugis
662 543 867 611 appropinqua-

53 611 140 674 bant,
162 610 237 679 quod
252 626 345 663 rarum
360 612 390 663 in
407 612 471 665 aliis
487 613 559 664 locis
575 617 663 676 esset,
685 613 755 665 adeo
770 613 867 664 omnia

54 685 190 734 contecta
200 680 347 744 nebulaut
354 679 429 733 baud
440 698 519 736 secus
531 697 613 751 quam
620 689 756 735 nocturno
763 683 867 735 itinere

53 748 268 819 impedirentur.
305 752 405 803 Tertio
422 751 532 805 demum
549 752 594 805 die
609 752 644 804 ad
659 753 795 805 verticem
805 766 868 820 per·

54 826 181 873 ventum.
217 818 296 872 Nihil
306 820 438 889 vulgatae
449 821 581 889 opinioni,
593 820 718 889 degressi
728 821 803 886 inde,
822 820 869 874 de·

54 893 219 943 traxerunt:
239 890 340 957 magis,
351 890 444 953 credo,
454 907 489 943 ne
500 892 611 943 vanitas
622 892 733 943 itineris
743 890 866 942 ludibrio

57 964 143 1022 esset,
154 973 237 1025 quam
249 959 324 1026 quod
336 959 447 1013 diversa
456 960 532 1013 iuter
541 975 572 1012 se
583 962 681 1025 maria,
695 966 869 1028 montesque,

57 1035 87 1083 et
98 1043 211 1090 amnes,
234 1044 270 1080 ex
288 1044 343 1079 uno
360 1030 425 1080 loco
441 1030 563 1096 conspici
572 1032 726 1097 potuerint.
760 1029 869 1082 Vexati

57 1112 169 1161 omues,
192 1102 222 1149 et
238 1102 304 1147 ante
322 1098 393 1149 alios
411 1112 461 1150 rex
477 1100 553 1165 ipse,
575 1113 631 1165 quo
649 1099 763 1165 gravior
774 1103 869 1153 aetate

58 1173 134 1231 erat,
156 1166 328 1219 difficultate
343 1167 406 1220 viae
421 1172 473 1219 est.
508 1168 625 1219 Duabus
639 1169 697 1219 aris
711 1168 753 1219 ibi
763 1167 824 1219 lovi
840 1173 870 1219 et

57 1236 116 1291 Soli
127 1239 247 1289 sacratis
258 1252 343 1303 quum
360 1237 551 1301 immolasset,
570 1252 624 1304 qua
635 1235 729 1289 triduo
740 1235 870 1289 aseende-

57 1312 116 1369 rat,
139 1306 227 1359 biduo
240 1312 284 1359 est
295 1306 458 1374 degressus,
476 1306 588 1377 frigora
599 1312 736 1359 nocturna
746 1305 869 1358 maxims

57 1382 202 1439 metuens,
228 1391 299 1444 quae
321 1377 464 1431 caniculae
486 1384 550 1430 ortu
568 1376 674 1431 similla
695 1376 868 1429 brumalibus

58 1451 150 1499 erant.
186 1445 285 1497 Multis
303 1462 411 1512 percos
423 1448 483 1501 dies
495 1448 708 1502 difficultatibus
725 1446 868 1500 conflicta·

57 1521 119 1579 tus,
140 1514 228 1566 nihilo
250 1516 370 1570 laetiora
389 1518 418 1568 in
440 1519 541 1570 castris
557 1519 676 1572 invenite
695 1519 742 1570 ubi
759 1532 868 1569 summa

57 1584 176 1653 penuria
186 1593 254 1648 erat,
268 1592 301 1637 ut
311 1587 341 1637 in
351 1587 473 1654 regione,
489 1603 569 1654 quum
581 1588 615 1640 ab
626 1591 700 1640 omni
711 1597 790 1654 parte
803 1587 869 1638 soli·

58 1654 170 1707 tudines
188 1655 358 1710 clauderent.
394 1657 492 1724 ltaque
507 1672 592 1708 unum
616 1663 726 1709 tantum
743 1663 868 1706 moratus

58 1723 149 1786 diem,
172 1726 272 1791 quietis
289 1741 385 1777 eorum
404 1741 502 1787 causa,
524 1740 594 1791 quos
615 1725 752 1776 habuerat
764 1738 869 1786 secum,

58 1793 163 1846 itinere
179 1793 245 1847 inde
256 1795 343 1846 simili
354 1795 438 1862 fugae
450 1796 479 1845 in
491 1793 676 1845 Dentheletos
693 1792 868 1844 transcurrit.

59 1861 138 1914 Socii
154 1869 243 1915 erant:
266 1865 316 1916 sed
334 1870 449 1931 propter
464 1863 588 1930 inopiam
605 1862 679 1914 baud
694 1877 774 1915 secus
786 1876 868 1929 quam

57 1930 183 1984 hostium
198 1934 266 1985 fines
283 1933 454 1986 Macedones
469 1933 597 2000 populati
611 1939 685 1985 sunt.
721 1931 867 1998 Rapienda

14 1990 17 2015 ¹
59 2002 135 2053 enim
145 2002 249 2067 passim
260 2003 344 2054 villas
354 2003 867 2070 primum,deinquosdamvieosetiam

59 2076 237 2134 creatarum,
256 2087 312 2123 non
322 2072 381 2124 sine
392 2088 493 2140 magno
505 2072 611 2139 pudore
620 2072 710 2138 regis,
727 2087 812 2139 quum
823 2087 867 2123 so·

59 2141 168 2192 ciorum
184 2155 268 2194 voees
277 2178 286 2204 ,
306 2143 489 2209 nequicquam
505 2141 572 2194 deos
582 2143 700 2194 sociales
711 2157 868 2208 nomenque

58 2224 141 2261 suum
151 2210 343 2275 implorantes,
355 2212 472 2264 audiret.
507 2213 657 2264 Frumento
669 2212 733 2264 iude
744 2213 867 2274 sublato,

57 2279 85 2329 in
97 2278 255 2331 Maedicam
267 2296 419 2348 regressus,
437 2281 542 2344 urbem,
558 2297 639 2348 quam
650 2281 760 2333 Petram
774 2282 868 2348 appel·

57 2347 130 2411 lant,
142 2360 303 2416 oppugnare
315 2357 358 2402 eet
371 2352 494 2402 adortus.
529 2352 590 2417 lpso
600 2368 618 2402 a
629 2353 777 2418 canipestrl
789 2353 867 2402 aditu

58 2424 154 2469 castra
175 2424 282 2485 posuit:
308 2421 437 2472 Perseum
460 2421 547 2472 lilium
567 2437 628 2472 cum
649 2421 760 2472 modice
781 2434 866 2470 manu

57 2489 252 2551 circummisit,
271 2496 303 2540 ut
314 2507 331 2543 a
342 2491 532 2556 superioribus
543 2490 614 2541 loeis
626 2491 722 2540 urbem
733 2488 870 2556 aggrede-

56 2564 146 2609 retur.
182 2559 330 2624 Oppidani,
349 2576 429 2626 quum
442 2567 536 2614 terror
547 2561 675 2632 undique
683 2562 825 2615 instaret.
838 2555 890 2601 Q·

58 2627 165 2678 ridibus
173 2628 252 2689 datis,
268 2631 472 2696 inpraesentia
482 2634 665 2691 dediderunt
677 2645 758 2682 sese.
790 2621 913 2700 libem,

43 2699 192 2758 1²0¹tq⁰am
203 2699 345 2753 exereitus
354 2707 493 2774 recessit,
519 2709 617 2764 obliti
629 2700 794 2762 obsidum·
809 2689 925 2746 stiffi
