1860 2994
128 130 277 187 hreini.
292 129 412 185 Csr.23
437 131 481 186 25.
498 131 799 201 [U.C.571.s.c.181.]
834 134 868 185 87

56 241 135 295 xime
144 238 235 291 falsae
251 238 354 291 literae
364 239 398 289 T.
410 237 536 300 Quinctii
550 237 698 307 urgebant.
733 238 814 291 Nihil
829 246 870 290 ta·

56 326 122 362 rnen
134 308 227 375 pnlarn
239 308 353 376 gravius
364 310 575 374 pronuntiatum
587 308 622 362 (le
633 323 667 363 ao
679 314 740 372 est,
760 314 792 360 ut
803 308 871 360 dolo

57 379 155 448 potius
166 378 385 431 interficeretur:
406 395 458 431 uec
468 380 498 431 id
510 395 577 432 cura
587 379 685 446 ipsius,
701 378 751 433 sed
761 394 796 431 nc
806 393 873 447 poe·

57 465 96 501 na
117 449 181 503 eius
203 449 323 501 consilia
347 447 481 501 adversus
500 449 643 502 Romanos
669 448 794 501 nudaret.
829 449 871 500 Ab

58 518 263 574 Thessalonice
284 518 493 571 Demetriadem
519 517 577 587 ipsi
600 534 684 587 quum
707 518 764 572 iter
788 526 873 581 essct,

57 592 210 643 mecum
224 588 366 643 Paeoniae
382 588 560 645 Demetrium
579 590 671 643 mittit
689 604 752 641 cum
771 589 871 643 eodem

57 659 166 713 comite
175 658 261 722 Diua,
272 657 607 727 Perseumllmplsipolim,
615 660 652 712 all
664 659 776 713 obsides
781 658 872 711 Thra-

57 744 122 783 cum
135 728 324 795 accipiendos.
357 729 540 798 Digredienti
550 730 585 782 ab
595 746 627 785 se
635 730 728 783 Didae
739 729 873 783 mandata

57 799 173 853 desiisse
192 799 297 852 (licitur
315 799 425 853 duillio
446 799 610 854 occidendo.
644 800 818 855 Sacrificium
835 799 870 851 ab

57 869 136 923 Dida
151 884 203 921 scu
216 870 391 932 institutum,
410 886 462 923 seu
479 870 642 923 simulatum
653 878 706 923 est.
741 869 783 923 nd
795 867 872 938 quod

59 938 260 993 celebrandum
273 939 411 993 inritatus
426 941 590 993 Demetrius
604 942 639 994 ab
654 942 772 993 museo
782 940 872 991 Hera-

59 1010 150 1063 cleum
169 1009 257 1061 venit.
293 1010 326 1060 lu
345 1024 380 1059 ea
394 1022 484 1061 coena
498 1009 602 1063 dicitur
614 1025 751 1063 venenum
766 1009 871 1061 datum.

59 1078 167 1133 l'oculo
178 1082 278 1144 epoto,
287 1074 430 1143 extemplo
440 1079 541 1129 seusitz
561 1085 591 1131 et
599 1094 666 1133 mox
677 1079 783 1131 coortis
794 1078 873 1130 dolo·

58 1150 147 1213 ribus,
156 1147 262 1201 relicto
274 1146 412 1210 connrio,
421 1161 507 1213 quum
515 1146 547 1199 iu
556 1148 712 1201 cubiculum
722 1151 874 1213 recepisset

59 1215 873 1354 tite“stetistis{lautissimum

51 1338 59 1351 .
160 1323 170 1351 s
573 1323 582 1351 s
789 1323 797 1337 ·
862 1313 874 1325 ⁴

61 1358 191 1413 tremissi
207 1357 308 1411 deinde
323 1356 443 1428 Thyrsis
461 1359 576 1425 quidam
592 1356 763 1411 Stuberaeus
777 1360 807 1409 et
819 1355 873 1411 Be·

60 1444 182 1483 roeacus
193 1428 362 1492 Alexander,
382 1428 495 1481 iniectis
510 1430 652 1494 tapetibus
667 1428 697 1480 in
711 1433 797 1496 caput
812 1427 874 1479 iau·

62 1513 182 1621 ittet
203 1497 875 1636 iliul}trististristisiit·

180 1602 189 1629 ‚
864 1593 874 1604 .

63 1638 101 1689 tis
111 1637 240 1689 contenti
250 1635 356 1687 inimici
366 1635 497 1698 fuissent,
511 1638 686 1689 interficitur.

116 1704 207 1759 XXV.
227 1705 302 1757 Dum
311 1703 381 1757 hacc
390 1706 419 1757 in
430 1705 598 1758 Macedonia
611 1711 760 1772 geruntur,
780 1702 814 1755 ln
824 1704 876 1757 Aa·

64 1776 161 1829 nrilius
181 1775 313 1838 Paullus,
343 1782 498 1843 prorogato
522 1789 558 1827 ex
579 1775 726 1826 consulatu
747 1774 876 1838 imperio,

64 1846 205 1915 principio
215 1846 290 1899 veris
299 1846 328 1896 in
337 1845 457 1914 Ligures
468 1845 608 1914 Ingaunos
623 1843 776 1896 exereitum
787 1843 876 1895 intro·

64 1918 155 1969 duxit.
190 1916 246 1969 llbi
254 1916 373 1983 primum
381 1916 413 1967 iu
422 1916 544 1968 hostium
555 1915 656 1967 finibus
668 1920 761 1966 castra
772 1915 875 1982 posuit,

64 1986 155 2053 legati
166 1985 203 2039 ud
215 2002 286 2048 eum,
306 2001 357 2052 per
367 1987 490 2054 speciem
500 1988 578 2052 pacis
588 1985 733 2054 petendae,
748 1986 876 2052 specula·

10 2110 13 2122 ,
64 2064 127 2109 turn
137 2063 283 2109 venerunt.
302 2057 431 2123 Neguute
440 2057 556 2122 Paullo,
575 2058 630 2108 nisi
641 2072 702 2108 eum
716 2056 817 2109 deditis
829 2071 876 2122 pa-

10 2129 13 2139 '
64 2127 136 2178 cisci
152 2142 183 2178 sc
197 2142 312 2193 paoem,
333 2142 389 2178 non
403 2132 461 2179 tam
472 2127 503 2178 id
512 2130 694 2190 recursabant,
712 2143 793 2195 quam
805 2132 875 2178 tem·

63 2212 134 2264 pore
145 2210 216 2261 opus
227 2212 289 2248 esse
304 2196 432 2260 aiebant,
453 2203 486 2249 ut
498 2198 595 2265 generi
613 2198 721 2266 agresti
731 2197 876 2249 hominum

64 2267 294 2334 persuaderetur.
313 2266 355 2317 nd
366 2265 419 2318 hoc
431 2267 526 2321 decem
537 2269 643 2322 dicrum
654 2268 778 2320 indutiae
790 2280 876 2334 quum

64 2337 210 2398 darentur,
221 2337 360 2402 petierunt
371 2336 480 2400 deinde,
493 2358 526 2392 ne
538 2349 615 2393 trans
626 2348 728 2391 montes
736 2338 875 2408 proximos

62 2406 165 2459 castris
180 2407 343 2475 pabulatum
365 2407 551 2477 lignatumque
571 2409 671 2461 milites
691 2409 778 2462 irent:
798 2407 875 2458 culta

63 2494 97 2529 ea
108 2480 170 2530 loca
182 2493 291 2530 suorum
295 2475 398 2544 finium
410 2494 473 2529 esse.
502 2480 533 2531 ld
544 2480 591 2529 ubi
602 2480 797 2545 impetravere,
810 2479 879 2550 ψεῖ

63 2562 114 2600 eos
125 2549 203 2613 ipsos
214 2553 334 2608 montes,
352 2546 426 2599 unde
437 2549 741 2610 averterantliostem,
762 2545 901 2596 euersum

65 2619 140 2669 omni
152 2624 255 2678 coacto,
272 2623 391 2682 repente
400 2621 595 2680 multitudine
607 2621 730 2692 ingenti
739 2607 918 2668 castrame-

51 2699 197 2735 menorurn
216 2699 386 2754 oppugnare
400 2692 492 2752 simul
515 2688 782 2762 omnibusportis
791 2685 918 2748 aggessi
