1860 2994
51 96 60 119 ⁸
91 78 190 180 ΙΙυιιι.
207 120 269 179 xl,
284 124 468 189 (lenm-bd
479 118 868 201 [U.C.575.A.C.179.]5'115
922 142 925 157 ¹

60 231 340 354 ”effiogtbuh'm
354 231 425 287 aede
435 233 548 288 losicin
558 233 700 301 capitolio
716 249 802 303 supra
812 235 870 288 nal·
894 254 897 261 ·

60 316 117 353 m'
238 330 260 354 ‚l

113 370 188 423 Llll.
205 370 311 436 Biduo,
329 386 384 440 quo
396 372 659 440 secatumlogerunt
670 388 813 438 censores,
835 374 870 436 Q.

63 441 181 493 Fulvius
191 441 297 516 consul,
307 441 447 509 proiectus
458 438 623 510 lnLigur'es,
634 459 684 511 per
694 444 784 495 invios
794 459 870 496 mon·

62 520 107 564 tes
120 510 266 579 vallesque
280 512 421 565 saltuosas
442 528 505 564 cum
517 513 649 575 'exercitu
670 520 870 581 transgressus,

62 581 152 649 signis
164 579 279 633 collatis
294 597 356 635 eum
377 580 459 635 hoste
479 583 629 651 pugnavit:
651 598 741 651 neque
761 590 869 635 tantum

14 706 17 713 ,
62 650 218 703 aciemcst:
238 650 288 703 sed
301 653 624 721 castraquoquseodem
635 653 772 721 diecepit
802 652 871 705 Tria

10 718 16 787 ιζ
60 718 422 786 uilliuduoentibostium,
444 722 875 793 amnuqucearegiohigurum.
898 738 902 745 ·

10 788 17 855 l
60 790 91 843 in
101 788 276 843 deditionem
286 790 373 843 venit.
410 792 513 843 consul
528 791 639 845 deditos
654 794 684 845 in
699 799 870 861 campestres

10 862 14 969 Ι
62 873 149 929 egros
158 858 284 931 deduxit,
293 858 487 928 praesidiaque
497 862 639 914 montibus
649 862 791 930 imposuit.
820 863 871 914 00·

10 984 12 989 .
61 929 872 999 leritsratexprovincialitereellomamseneruat.Sup-

10 994 12 1027 ³
62 1000 233 1069 plicationes
253 1000 299 1071 ob*
311 1014 360 1052 eas
378 1015 426 1052 res
447 1006 542 1067 gestas
558 1002 588 1053 in
601 1002 724 1055 triduum
739 1002 871 1055 decretae

10 1064 13 1141 ξ
62 1076 138 1123 suut.
174 1068 326 1121 Praetores
342 1067 529 1137 quadraginta
542 1067 642 1122 hostiis
656 1072 871 1138 maioribuspsr

10 1150 14 1187 1
64 1138 289 1207 supplicationes
299 1153 358 1195 rem
370 1137 493 1190 divinam
504 1137 638 1202 iecerunt.
654 1141 695 1192 Ab
705 1140 797 1192 altero
809 1154 873 1191 con·

63 1210 128 1263 sule
141 1207 299 1271 maraculo
314 1206 386 1260 nibil
400 1200 538 1261 memoria
552 1208 666 1278 dignum
680 1209 711 1261 ln
720 1208 872 1277 Ligaribus

62 1283 236 1348 negatum.
274 1278 353 1333 Galli
362 1278 873 1347 mmlpioifftriamillislsomiaum,

56 1347 216 1403 dnltsllam
277 1346 280 1352 ’
342 1349 413 1414 assi,
433 1349 572 1402 nemiuem
591 1349 669 1403 bello
690 1349 870 1413 mentes,

10 1434 12 1463 =
63 1418 312 1488 egrumacoasoli
331 1419 873 1488 usetssnatupetebsutmtpncatisub
912 1450 918 1468 Ι

63 1488 183 1557 imperio
193 1489 415 1556 populillonsani
425 1495 528 1544 essent.
540 1492 598 1543 lios
608 1497 722 1545 secatus
732 1490 871 1544 excedere

62 1559 151 1614 ltalia
165 1558 261 1622 iussit,
281 1566 311 1612 et
327 1559 468 1613 consulem
481 1560 514 1621 ll.
524 1560 654 1613 Fulviuln
670 1576 817 1629 quaerere,
842 1568 872 1612 et

63 1627 287 1681 animadvertere
295 1629 326 1681 in
336 1646 395 1693 cos,
405 1631 452 1697 qui
462 1629 605 1698 principes
615 1637 644 1683 et
655 1636 785 1682 auctores
795 1635 872 1681 tran-

80 1697 217 1752 cendendi
229 1699 311 1766 Alpes
323 1699 451 1755 fuissent.

60 1774 64 1785 ’
116 1767 190 1823 mv.
214 1769 320 1822 Eodem
342 1785 416 1822 anno
440 1765 587 1838 Philippus
605 1783 659 1820 rex
678 1767 872 1831 Macedonum,
918 1812 922 1827 ,.

62 1838 144 1893 sessio
154 1849 321 1893 etmaerore
332 1843 511 1906 consumptus
526 1843 591 1906 post
606 1842 725 1889 mortem
738 1837 806 1900 lilii,
826 1836 872 1889 de·
898 1869 901 1873 -

63 1908 159 1963 cessit.
205 1908 389 1962 Demetriade
412 1908 589 1971 hibernabat,
621 1923 704 1975 quum
731 1906 871 1962 desiderio

62 1979 164 2032 auiam
174 1979 297 2043 lilii,tum
308 1979 483 2048 poenitentia
494 1978 670 2042 crudelitatis
681 1994 756 2033 suae.
768 1977 871 2031 Stimu-

61 2050 142 2103 labat
163 2049 285 2102 aaimum
299 2057 335 2102 et
349 2050 423 2103 alter
437 2050 525 2113 iilius,
545 2047 620 2102 haud
636 2048 720 2103 dubie
735 2056 763 2103 et
778 2064 830 2100 sua
841 2055 872 2101 ct

61 2120 184 2174 aliorum
195 2120 326 2188 opinione
339 2135 403 2184 rex,
426 2119 607 2187 conversique
621 2119 651 2170 in
670 2134 731 2172 eum
748 2119 870 2173 omnium

62 2190 153 2252 oculi,
176 2195 208 2242 et
225 2189 361 2244 destituta
381 2195 526 2254 senectus3
558 2190 620 2244 aliia
642 2190 871 2257 exspectantibus

61 2275 143 2312 suam
155 2265 287 2321 mortem,
299 2260 363 2313 aliis
375 2277 409 2313 ne
422 2260 649 2327 exspectantibus
660 2261 778 2328 quidem.
808 2261 871 2322 Quo

60 2329 155 2397 inagis
173 2331 343 2396 angebatur,
364 2338 469 2384 etcum
490 2345 523 2383 eo
538 2332 692 2399 Antigonus
706 2328 871 2383 Echecratis

61 2401 147 2462 lilius,
157 2414 257 2452 nomen
268 2401 362 2467 patrui
372 2402 501 2469 Antigoni
512 2401 613 2463 ferens,
624 2402 670 2467 qui
680 2399 870 2462 tutorPlrilip·

62 2471 92 2539 pi
102 2471 207 2532 fuerat,
227 2473 324 2538 regiae
335 2473 379 2524 vir
389 2473 561 2534 maiestatis,
581 2471 671 2522 nobili
681 2472 767 2522 etiam
777 2480 874 2534 pegusa

62 2541 198 2593 adversus
210 2542 387 2596 Cleomenem
397 2543 659 2597 Lacedaemonium
669 2541 778 2594 clarus.
791 2539 892 2586 dato-

61 2626 121 2663 rem
133 2627 193 2662 eum
205 2611 314 2674 Graeci,
339 2620 370 2665 nt
381 2617 554 2687 cognomine
568 2634 588 2672 a
599 2615 711 2671 ceteris
720 2608 849 2674 regibus
861 2599 909 2678 d'xj

50 2679 232 2744 'ffib'flflfflts
252 2684 448 2759 appellarunt.
488 2693 598 2748 Huius
609 2686 724 2815 ipffiis
738 2679 831 2733 illiua
845 2673 925 2726 ants-
