1860 2994
172 106 208 186 m
320 130 355 182 r.
372 125 477 179 mvn
496 123 578 190 [no.
591 127 649 191 570.
667 121 703 172 A.
716 120 744 171 o.
758 119 826 185 ma]

261 449 303 524 Τ,
342 451 517 529 LIVII
554 448 888 576 PAl'l'AVINl

411 602 615 664 LIBER
656 599 734 661 XL.

171 736 328 836 Principio
352 769 519 837 insequentis
543 770 606 820 anni
628 767 755 820 consules
776 772 928 834 praetores«

171 838 265 888 sortiti
275 838 434 905 provincias
443 845 514 891 sunt.
551 838 733 900 consulibus,
754 836 847 900 nullo,
863 851 928 904 pree

170 905 299 975 Ligures,
311 923 382 974 quae
392 907 598 972 decerneretur,
608 913 678 961 erat.
696 906 857 958 luris'dictio
868 906 928 958 urbr

170 974 211 1028 Μ.
222 976 340 1045 Ogulnio
353 976 452 1041 Gallo,
469 978 544 1031 inter
555 977 717 1047 peregrinos
730 977 769 1028 M.
781 974 897 1028 Valerio
915 991 928 1029 e

171 1047 226 1111 nit3
243 1047 296 1098 llis
316 1047 443 1105 antarum
449 1049 487 1112 ’(ὶ.
499 1047 600 1100 Fulvio
612 1049 713 1100 Flacco
725 1045 849 1108 citerior,
859 1045 889 1097 P.
897 1044 929 1096 Μ

170 1116 210 1168 Ιίο
222 1063 351 1180 ulterfor,
376 1117 408 1169 L.
420 1118 542 1170 Caecilio
555 1119 655 1172 Dentri
667 1117 780 1182 Sicilia,
800 1117 830 1167 G.
842 1116 928 1189 Teren

170 1187 259 1249 Istrae
270 1186 407 1240 Sardinia.
443 1188 577 1255 Consules
589 1187 714 1240 delectus
725 1185 827 1240 habere
838 1183 918 1237 iussi.

172 1254 281 1309 Fabius
287 1273 322 1309 ex
330 1257 482 1324 Liguribus
493 1258 652 1324 scripserat,
661 1258 792 1324 Apuanos
803 1254 839 1307 ad
848 1253 928 1308 rebel

172 1343 236 1379 nem
257 1331 397 1392 spectare;
417 1327 626 1394 periculumque
648 1342 723 1389 esse,
741 1342 775 1378 nc
795 1326 928 1392 impetum

173 1409 271 1463 agrum
284 1394 412 1445 Pisanum
424 1395 558 1446 facerent.
595 1396 632 1446 Et
642 1411 677 1448 ex
688 1395 849 1463 Hispaniis,
865 1394 928 1445 cite]

172 1479 233 1517 rem
242 1463 272 1513 in
283 1463 366 1514 armis
375 1480 445 1527 csse,
457 1468 485 1515 et
497 1478 559 1516 cum
571 1464 718 1517 Celtiberis
729 1464 828 1518 bellari
840 1463 928 1516 scicba

172 1536 202 1586 in
211 1532 354 1594 ulteriore,
368 1533 491 1599 quindiu
505 1549 589 1601 aeger
599 1541 714 1601 praetor
725 1540 808 1597 esset,
827 1533 928 1585 luxurii

175 1603 235 1657 otio
246 1600 366 1653 solutam
378 1602 553 1672 disciplinam
565 1605 716 1658 militarem
729 1620 798 1657 esse.
831 1603 874 1659 Ob
886 1617 920 1654 cn

174 1688 224 1725 vos
237 1671 374 1725 exercitos
385 1674 523 1728 conscribi
533 1674 655 1743 placuit:
669 1681 800 1744 quattuor
814 1672 928 1740 legione

172 1743 307 1812 Ligures,
329 1744 372 1795 uti
392 1745 517 1812 singulae
532 1750 617 1814 quina
632 1747 721 1799 millia
732 1751 761 1797 ct
772 1743 924 1808 ducenosp

173 1820 226 1877 tes,
235 1820 363 1865 trecenos
373 1811 509 1869 haberent
521 1817 643 1884 equites:
663 1814 801 1867 sociorum
813 1810 915 1862 iisdem
927 1856 928 1861 ,

173 1884 228 1935 tini
247 1882 367 1933 nominis
389 1885 544 1949 quindecim
565 1885 657 1936 millia
677 1882 800 1948 peditum
819 1877 916 1929 addita

175 1951 328 2020 octingenti
343 1952 459 2017 equites.
495 1953 535 2003 lli
547 1952 602 2004 duo
614 1948 774 2004 consulares
786 1948 927 2000 exercitus

174 2027 244 2075 sent.
263 2018 390 2072 Scribere
400 2026 545 2088 praeterea
555 2021 623 2072 iussi
633 2025 740 2086 septem
751 2019 842 2070 millia
853 2019 919 2085 pedi

175 2091 313 2143 sociorum
324 2105 359 2143 ac
369 2089 464 2140 Latini
479 2090 610 2152 nominis,
628 2097 656 2142 et
671 2089 888 2157 quadringentos
904 2105 928 2141 c(

175 2170 231 2225 tes3
255 2164 283 2212 et
293 2159 406 2210 mittere
417 2159 453 2210 ad
464 2159 502 2210 Μ.
513 2157 678 2210 Marcellum
689 2159 717 2209 in
729 2158 865 2222 Galliam,
888 2161 928 2212 cu'

175 2227 322 2282 consulatu
332 2233 512 2296 prorogatum
523 2228 669 2294 imperium
681 2235 751 2281 erat.
769 2230 800 2281 ln
812 2229 928 2298 Hispan*

176 2298 262 2350 etiam
281 2303 426 2363 utramque
449 2313 518 2367 quac
538 2297 718 2362 ducerentur,
736 2304 871 2366 quattuor
891 2299 928 2350 mi

174 2365 302 2435 peditum
318 2365 417 2417 civium
429 2367 618 2419 Romanorum
633 2374 662 2420 ct
679 2368 789 2422 ducenti
806 2369 919 2436 equites-

97 2442 100 2447 '
176 2435 315 2489 sociorum
327 2442 433 2503 septem
453 2436 541 2489 millia
553 2435 674 2524 peditum
686 2454 747 2491 cum
757 2440 891 2490 trecentis
903 2453 928 2504 et

177 2506 252 2559 tibus
263 2504 348 2557 scribi
357 2506 445 2558 iussa:
457 2513 485 2558 et
495 2506 528 2569 Q.
539 2507 625 2557 labio
636 2506 762 2560 Labeoni
774 2523 836 2559 cum
847 2516 928 2559 exerc

168 2574 393 2656 ¹puem'lrabebat
406 2577 436 2628 in
451 2576 615 2646 Liguribus,
636 2584 817 2645 prorogatum
832 2577 861 2627 in
878 2592 928 2628 ann

156 2652 313 2700 1mper1um
328 2651 379 2697 est.
