1860 2994
15 55 668 142 traducianae.[memnones]
707 75 757 129 105
803 80 830 95 2

15 174 191 243 tlcglonem,
212 175 394 227 iureiurando
410 174 517 225 adactis
536 181 757 244 centurionibus,

15 262 36 295 ‚n
48 245 187 297 aerarium
198 245 234 296 ad
247 251 409 311 quaestores
426 259 488 296 esse
503 245 655 299 delaturos.
691 251 756 304 lloc

15 313 180 367 ‚³laeentlam
200 317 276 376 (nam
293 329 327 366 ec
343 314 418 366 forte
434 319 496 366 erat
512 315 667 381 profectus)
685 321 755 372 Aulo

18 386 108 436 iatum
119 389 176 447 est,
197 400 258 436 cum
274 386 415 451 equitibus
431 385 570 451 expeditis
588 396 700 439 secutos
718 390 756 440 di-

16 469 58 516 os,
71 468 141 520 quos
152 469 248 506 eorum
259 456 353 521 potuit
363 458 487 522 assequi,
509 455 627 507 deduxit
639 459 757 526 castiga·

15 523 97 574 'isast
119 524 153 576 de
164 526 266 576 ceteris
280 526 423 577 consulem
439 526 586 578 certiorem
601 524 677 577 fecit.
714 528 756 579 Eo

15 598 98 653 rento,
104 594 375 646 senatusconsultum
386 595 491 647 factum
503 596 634 657 estth.
640 596 757 648 Fulvius

15 662 150 729 ispaniam
161 665 335 730 relegaretur
344 662 532 716 ultraNovam
543 664 755 732 Carthaginem:

14 746 106 800 aeque
118 735 143 783 ei
155 732 238 784 datae
250 739 315 783 sunt
328 748 345 783 a
360 734 475 785 consule
492 733 527 783 ad
537 734 567 785 P.
579 733 716 786 Manlium
728 737 757 785 in

15 803 116 852 taniam
128 802 292 852 ulteriorem
305 802 481 854 deferendae.
517 803 624 854 Milites
637 806 705 855 iussi
721 804 758 856 ad

15 872 143 923 aredire.
182 871 275 922 Causa
289 871 476 938 ignominiae,
496 874 539 923 uti
552 873 757 953 semestrcaesti-

15 940 79 991 lium
92 943 121 989 in
134 955 198 991 eum
211 954 313 990 annum
328 946 405 990 esset
421 941 448 991 ei
462 941 579 1007 legioni,
602 941 757 994 decretum:

15 1009 88 1061 niles
102 1009 139 1058 ad
151 1009 305 1059 exercitum
317 1024 371 1059 non
382 1009 512 1073 redisset,
531 1024 595 1061 eum
606 1010 697 1076 ipsum
707 1012 758 1063 bo·

15 1094 41 1132 re
52 1079 116 1131 eius
127 1079 252 1129 rendere
264 1077 361 1128 consul
371 1076 473 1128 iussus.

15 1147 89 1200 [Lu.
109 1148 220 1199 Eodem
229 1161 303 1198 anno
314 1146 347 1198 L.
360 1147 518 1210 Duronius,
531 1145 579 1213 qui
588 1152 702 1214 praetor
713 1161 760 1199 an·

15 1217 145 1285 aperiore
158 1232 192 1269 ex
204 1217 320 1284 Illyrico
330 1231 392 1268 cum
405 1217 499 1268 decern
517 1216 632 1268 novibus
642 1215 760 1269 Brundi·

15 1308 19 1340 ι
30 1288 172 1349 redierat,
182 1286 263 1348 inde,
275 1287 303 1336 in
314 1292 397 1354 partu
408 1287 516 1338 relictis
528 1288 659 1350 naribus,
674 1302 759 1358 quum

15 1362 78 1410 sset
86 1357 212 1419 Romam,
223 1357 299 1408 inter
308 1357 486 1423 exponendas
497 1373 557 1421 res,
569 1373 637 1425 quos
647 1358 687 1410 ibi
698 1372 759 1426 ges·

15 1433 48 1490 tt,
70 1426 144 1477 haud
156 1426 275 1478 dublein
292 1441 388 1494 regem
399 1427 562 1493 lllyriorum
575 1428 709 1480 Gentium
720 1427 760 1478 la-

14 1496 67 1548 inii
79 1496 170 1547 omnis
186 1495 318 1547 maritimi
334 1511 444 1547 causam
462 1498 572 1547 avertit.
610 1498 657 1549 Er
676 1513 761 1565 regne

18 1581 109 1618 omnes
118 1583 199 1618 nares
211 1582 349 1632 esse,qaae
360 1566 452 1631 superi
462 1565 546 1616 rooris
557 1581 632 1616 oram
645 1567 761 1632 depopo-

15 1645 135 1689 terrent.
163 1634 206 1686 De
218 1635 259 1685 Iris
272 1635 350 1685 relos
360 1651 387 1686 se
400 1636 503 1701 legatos
515 1634 630 1694 irrisisse,
641 1651 689 1685 oet
702 1650 762 1685 cors-
840 1645 844 1654 ’

15 1706 77 1758 endi
87 1703 161 1774 regis
168 1713 334 1771 potestatem
347 1705 469 1775 factam.
492 1701 635 1754 Venerant
645 1701 762 1752 Romam

16 1777 41 1827 ti
53 1790 71 1825 a
82 1775 194 1833 Gentio,
205 1775 261 1841 qoi,
273 1792 324 1841 quo
336 1783 454 1839 ternpore
462 1770 580 1823 Romani
589 1770 764 1823 conreniearlt

15 1863 26 1897 r
42 1860 128 1896 caasa
142 1845 290 1906 venissent,
312 1859 426 1911 aegrum
441 1842 519 1911 forte
535 1857 594 1893 eura
609 1841 639 1893 io
658 1841 762 1894 ultimis

17 1915 79 1966 itus
94 1913 185 1985 foisse
197 1914 276 1982 regni
299 1913 433 1963 dicerent.
469 1913 570 1964 Petere
585 1911 711 1963 Gentium
727 1911 761 1964 ab

17 1994 64 2045 tu,
85 2000 118 2035 oe
129 1984 268 2034 crederent
279 1982 403 2051 confictis
415 1981 570 2032 rriorim'brts
585 1980 613 2032 a'o
631 1997 671 2043 se,
693 1997 762 2049 quae

15 2053 59 2104 rici
70 2054 236 2104 detulissent.
272 2053 312 2103 Ad
326 2068 358 2103 ea
370 2051 513 2102 Duronius
528 2051 643 2112 adiecit,
664 2051 761 2100 multis

15 2124 63 2173 'sus
75 2123 205 2173 Romanis
217 2129 245 2173 et
255 2122 337 2172 sociis
348 2122 441 2171 Latini
453 2122 572 2170 nominis
589 2120 704 2170 iniurias
722 2119 762 2171 fa·

25 2192 54 2242 in
66 2206 154 2258 regno
171 2192 247 2254 eius3
270 2198 298 2242 et
315 2192 388 2241 eires
401 2192 540 2242 Romanos
555 2190 610 2240 diri
621 2190 763 2254 Corcyrae

15 2263 82 2314 neri.
100 2262 156 2310 Eos
168 2276 261 2310 omnes
272 2260 388 2310 Romam
400 2259 501 2310 adduci
512 2260 628 2325 placuit:
643 2260 670 2309 C.
682 2259 764 2308 Clau·

15 2349 30 2382 n
43 2338 203 2398 praetorem
215 2344 397 2396 cognoscere:
410 2344 499 2394 neque
511 2336 576 2380 onte
589 2328 690 2379 Gentio
703 2324 763 2393 regi

15 2403 92 2452 ‚risse
106 2400 164 2450 eius
175 2414 337 2464 responsum
349 2398 439 2449 reddi.
476 2400 552 2448 luter
562 2399 669 2448 multos
682 2396 775 2450 alios,

15 2488 24 2521 s
35 2470 199 2536 pestilentia
211 2471 269 2519 eius
281 2468 346 2519 anni
358 2468 706 2538 absumpsit,sacerdotes
715 2469 790 2522 (tw

25 2541 133 2604 aliquot
146 2539 250 2589 mortni
265 2546 341 2594 sunt.
381 2543 415 2597 L.
427 2542 575 2596 Valerius
581 2539 720 2590 ldlasffi
729 2532 810 2589 W*

15 2614 154 2658 rrnortuos
165 2616 222 2660 est:
244 2610 272 2662 in
287 2615 351 2668 eius
364 2616 472 2671 locum
483 2614 640 2670 suffectus
655 2604 707 2654 tsi
715 2585 831 2656 QX*
