1860 2994
89 319 124 371 ss
246 312 740 383 r.r1v11[u.c.569.s.c1ss.]
773 374 775 381 J

90 429 124 471 ne
137 414 165 463 in
174 413 330 478 proximam
358 412 452 464 uidem
463 418 573 464 noctem
584 412 632 463 ubi
642 411 710 463 satis
722 416 785 463 tuto
797 420 892 465 custo·

91 482 210 543 ditetur,
232 429 423 547 expedieisant.
459 481 665 547 obstupuerant
675 480 712 533 ad
723 483 894 550 magnitudi-

89 565 152 609 nem
163 550 304 616 ,pristinae
324 551 383 603 eius
406 550 534 603 fortunae
545 550 734 617 ¹virtutisques
755 558 785 603 et
803 567 893 618 neque

88 618 143 687 Ipsi
158 619 269 671 domum
288 621 414 687 recipere
434 620 645 671 custodiendum
666 621 821 683 audebant,
840 635 894 672 nec

91 688 219 754 cuiquam
229 689 278 740 nni
288 689 442 741 custodiam
455 690 516 741 eius
526 689 597 740 satis
609 689 766 741 credebant.
794 688 895 740 Admo²

1 817 2 828 γ
88 762 156 808 nent
171 757 272 811 deinde
288 759 414 825 quidam,
435 773 496 809 esse
510 756 671 810 thesaurum
686 758 827 824 publicum
842 759 895 810 sub

88 833 181 888 terra,
199 841 267 878 saxo
279 828 414 894 quadrato
426 832 562 894 saeptum.
598 827 640 878 Eo
653 827 761 878 vinctus
774 826 896 885 demitti·

1 893 2 899 ’
89 902 147 956 tur,
159 899 188 946 et
198 910 295 948 saxum
305 898 416 964 ingens,
436 911 491 964 quo
503 896 642 962 operitur,
663 895 897 963 machinasuper·

90 963 252 1029 impositum
260 956 321 1018 'est
357 967 401 1019 lta
416 968 478 1018 loco
493 966 600 1032 potius,
623 981 705 1033 quam
720 964 824 1016 homiui
839 966 897 1017 cui-

90 1047 182 1099 quam,
189 1033 354 1087 credendam
366 1035 522 1088 custodiam
533 1035 695 1097 rati,lucem
705 1035 897 1101 insequentem

90 1108 330 1168 exspectaverunt.
365 1104 482 1157 Postero
500 1104 545 1156 die
560 1104 711 1156 multitudo
729 1104 842 1171 quidem
856 1103 897 1152 ln·

89 1176 183 1238 tegra,
204 1186 312 1224 memor
321 1173 503 1241 pristinorum
515 1175 574 1227 eius
583 1174 612 1225 in
623 1175 766 1226 civitatem
783 1172 897 1225 merito-

89 1254 160 1303 rum,
168 1242 347 1306 parcendum.
354 1258 387 1296 ec
397 1259 448 1311 per
459 1259 523 1296 eum
532 1244 656 1296 remedia
667 1242 824 1311 quaerenda
835 1255 897 1293 esse

47 1308 51 1315 '
89 1313 278 1376 praesentium
289 1314 436 1378 malorum,
447 1316 616 1367 censebant:.
624 1312 790 1363 defectionis
800 1316 896 1378 aucto-

87 1393 149 1442 res,
160 1396 277 1447 quorum
287 1383 317 1433 in
328 1398 410 1437 mauu
420 1381 577 1447 respublica
588 1387 661 1443 crat,
672 1383 700 1432 in
711 1386 820 1434 secreto
832 1394 897 1449 oon·

88 1449 239 1512 sultantss,
262 1466 357 1502 omnes
368 1449 403 1501 ad
412 1464 507 1500 necem
520 1450 579 1499 eius
595 1451 817 1502 consentiebant=
837 1447 897 1511 sed,

87 1522 181 1567 utrum
194 1524 374 1580 maturarent,
386 1533 421 1569 an
434 1516 587 1581 differrent,
598 1515 799 1588 ambigebatur.
818 1515 897 1570 Vicit

1 1607 2 1614 1
87 1599 154 1652 pars
166 1585 275 1638 avidior
285 1601 403 1651 poenae,
416 1585 585 1652 missusque,
596 1590 643 1654 qui
653 1605 789 1641 venenum
800 1586 896 1640 ferret.
909 1642 914 1649 ,

88 1656 211 1718 Accepto
223 1654 337 1720 poenlo,
357 1653 429 1704 nihil
445 1653 522 1707 aliud
542 1656 666 1713 locutum
685 1661 792 1723 ferunt,
812 1672 897 1726 quarn

88 1721 246 1790 quaesisse,
265 1723 290 1777 si
303 1723 444 1776 incolumis
453 1723 588 1794 Lycortas
604 1728 642 1790 (is
658 1729 730 1781 alter
740 1730 896 1794 imperator

89 1793 263 1846 Achaeorum
283 1798 355 1857 erat)
377 1793 536 1863 equitesque·
554 1798 716 1850 evasionem?
740 1788 895 1864 Postqdam

90 1861 196 1916 dictum
207 1870 259 1927 est,
269 1863 416 1918 incolumes
427 1880 481 1917 esse
487 1881 499 1925 ,·
509 1863 582 1918 Bene
592 1864 679 1928 bases,
690 1868 792 1932 inquit3
803 1872 841 1928 et,
847 1880 897 1932 po-

1 1957 2 1966 1
90 1935 155 1987 culo
165 1933 302 2002 impauide
312 1933 463 1998 exhausto,
487 1933 560 1986 haud
571 1938 613 1986 ita
623 1936 711 1984 multo
726 1940 790 1997 post
805 1936 898 2000 exspi-

1 2029 2 2038 κ
88 2004 174 2055 ravit.
192 2004 267 2055 ‹Non
278 2004 438 2055 diuturnum
449 2005 548 2053 mortis
559 2003 618 2054 eius
627 2001 761 2067 gaudium
773 2005 899 2054 anctori-

89 2069 143 2120 bus
161 2069 336 2122 crudelitatis
356 2071 421 2124 fuit.
457 2068 669 2135 Victoriamque
679 2070 809 2120 Messene
819 2071 898 2124 bollo

90 2137 306 2203 exposcentibus
315 2136 432 2188 Achaeis
441 2135 541 2189 noxios
557 2137 679 2202 dedidit,
699 2153 818 2206 ossaque
833 2142 898 2193 red-

92 2206 153 2258 dita
169 2204 395 2271 Philopoemenis
415 2211 492 2256 sunt:
513 2212 542 2259 et
562 2209 688 2272 sepultus
709 2210 744 2260 ab
764 2211 898 2261 universo

91 2275 212 2327 Achaico
224 2281 268 2327 est
277 2274 413 2337 concilio,
432 2275 502 2326 adeo
513 2279 640 2328 omnibus
650 2276 776 2331 humanis
798 2293 899 2346 conge·

92 2346 143 2396 stis
155 2345 315 2407 honoribus,
326 2350 358 2395 ut
368 2360 403 2397 ne
414 2345 514 2396 divinis
526 2347 636 2414 quidem
646 2348 839 2401 abstineretur.
856 2348 899 2400 sb

93 2413 278 2480 scriptoribus
296 2428 388 2466 rerum
401 2414 516 2472 Graecis
527 2418 691 2486 Latinisque
708 2424 816 2469 tantum
832 2417 899 2471 hoio

17 2490 22 2495 ·
93 2483 154 2534 viro
164 2483 313 2546 tribuitur,
333 2489 366 2535 ut
377 2499 394 2535 a
406 2485 567 2550 quibusdam
579 2504 690 2552 eornm,
712 2488 790 2539 volut
802 2487 836 2538 ad
857 2488 900 2538 in-

92 2553 200 2620 signem
210 2557 304 2604 notam
315 2552 397 2605 huius
407 2554 486 2617 anni,
507 2559 657 2611 memoriae
673 2558 835 2609 mandatum
850 2558 899 2620 sit,

92 2630 151 2675 tres
163 2622 254 2674 claros
274 2623 458 2689 imperatores
479 2641 512 2678 eo
530 2643 601 2681 anno
618 2629 785 2692 decessisse,
805 2625 899 2679 Philo·

92 2707 264 2758 poemenem,
275 2693 468 2756 Hannibalem,
479 2695 509 2748 P.
522 2696 690 2764 Scipionem.
725 2699 800 2750 Adeo
811 2696 840 2747 in
852 2711 897 2749 ae-

77 2775 144 2833 ,qoo
155 2778 221 2812 eum
233 2761 348 2812 duarum
361 2765 618 2829 potentissimarum
635 2768 760 2834 gentium
781 2767 897 2819 summis

65 2833 303 2885 metatoribus
312 2841 484 2902 pesuerunt.
