1860 2994
87 115 122 166 no
238 113 271 163 ¹1.
294 113 399 159 nrum
421 111 462 172 [o.
478 109 660 158 emaum.
675 111 742 172 me]

527 189 895 205 ——Q

87 225 147 268 tum
160 229 267 280 quoque
278 211 484 260 minitabundus
496 213 618 275 petebat,
626 211 771 280 refragari
781 212 841 274 sibi,
849 215 896 279 qui

88 287 199 337 liberam
211 292 238 334 et
250 282 355 352 fortem
366 296 507 332 centorum
518 280 655 342 timerent,
668 281 853 331 criminando:
867 291 896 334 et

89 349 333 406 simulL.Valerio
345 349 560 418 suffragabatur.
573 350 688 402 lllo'uao
698 351 803 419 collega
814 352 897 403 easti-

85 439 156 493 gare
168 439 195 472 se
206 437 275 474 nova
286 420 414 489 flagitia,
420 429 448 472 et
455 419 563 487 priseos
574 434 702 471 revocare
713 435 800 471 morer
807 436 895 487 posse.

87 494 141 543 llis
152 491 260 542 accensi
273 489 408 552 homines,
419 489 538 542 adversa
548 490 704 551 nobilitate,
717 504 772 539 non
781 489 821 541 M.
830 489 896 541 Por·

89 562 161 613 cium
174 561 258 611 modo
272 575 412 611 censorem
424 559 565 621 fecerunt,
585 558 635 611 sed
653 559 738 609 etiam
757 558 893 627 collegam

17 652 21 663 ·
88 634 114 684 ei
126 631 159 681 L.
171 628 315 682 Valerium
325 630 456 681 Flaccum
471 629 643 681 adiecerunt.
680 627 836 680 Secundum
850 642 883 680 eo

27 746 31 753 .
69 702 72 707 ’
88 700 168 751 mitia
179 715 324 751 censorum
335 700 464 752 eonsules
475 704 672 767 praetoresque
688 699 717 748 in
735 697 896 764 provincias

88 770 208 836 profecti
223 775 301 833 sunt,
322 776 435 836 praeter
451 770 484 830 Q.
496 769 644 831 Naevium,
667 783 748 835 quem
764 773 897 834 quattuor

87 845 145 890 no'n
163 840 254 890 minus
275 856 397 906 menses,
421 841 583 906 priusquam
603 839 634 889 in
656 836 814 890 Sardiniam
833 838 896 899 iret,

90 911 268 975 quaestiones
279 910 419 972 veneficii,
432 925 546 976 quarum
557 922 685 975 magnam
697 914 804 975 partem
816 914 897 960 extra

88 979 186 1030 urbem
198 995 248 1045 per
258 981 409 1046 municipia
419 980 658 1045 conciliabulaque
668 977 774 1039 habuit,
781 977 846 1044 quia
855 978 897 1028 ita

90 1049 183 1115 aptius
194 1051 283 1100 visum
295 1056 364 1113 erat,
374 1056 533 1102 tenuerunt.
552 1048 583 1101 Si
593 1049 702 1101 Antiati
714 1046 828 1100 Valerio
840 1054 897 1099 ete·

91 1118 157 1170 dere
168 1119 247 1183 libet,
259 1119 295 1171 ad
304 1120 359 1171 duo
371 1119 514 1172 hominum
524 1121 616 1171 millia
626 1118 776 1170 damnavit.
812 1117 851 1168 Et
862 1116 895 1169 L.

88 1185 249 1240 Postumius
266 1197 396 1257 praetor,
419 1192 627 1241 euiTarentom
642 1188 786 1254 provincia
801 1200 887 1239 evene

88 1264 151 1320 rat,
170 1274 286 1326 magnas
297 1265 441 1323 pastorum
458 1258 666 1308 coniurationes
681 1256 847 1319 vindicavit,
868 1261 897 1307 et

88 1328 227 1395 reliquias
238 1326 455 1378 Bacchanalium
467 1327 639 1393 quaestionis
651 1342 714 1378 cum
730 1327 807 1378 omni
823 1336 899 1377 exse·

90 1401 171 1448 cutus
183 1401 226 1447 est
237 1411 313 1447 cura.
349 1395 465 1459 Multos,
474 1399 521 1463 qui
532 1403 581 1448 aut
592 1398 674 1448 citati
685 1413 741 1447 non
752 1394 898 1456 affuerant,

67 1468 70 1474 '
90 1470 140 1517 aut
150 1464 237 1517 vades
249 1465 438 1527 deseruerant,
449 1468 478 1517 in
489 1481 524 1518 ea
533 1467 647 1534 regione
658 1466 757 1519 ltaliae
768 1467 897 1526 latentes,

90 1535 194 1603 partim
210 1536 311 1586 noxios
327 1535 473 1600 indicavit,
494 1536 597 1604 partim
620 1534 894 1603 comprehensoeRo·

91 1619 164 1656 mam
185 1604 221 1656 ad
241 1613 370 1657 senatum
390 1607 477 1660 misit.
512 1608 544 1660 ln
563 1622 704 1662 carcerem
726 1621 822 1659 omnes
836 1620 854 1657 a
867 1602 897 1656 P.

93 1676 225 1728 Cornelio
236 1677 357 1730 coniecti
366 1683 440 1730 sunt.

143 1744 230 1799 XLll.
249 1749 281 1800 ln
291 1748 429 1816 Hispania
439 1748 584 1812 ulteriore,
594 1746 693 1801 fractis
704 1744 833 1810 proximo
843 1740 900 1796 bel·

92 1815 121 1866 lo
133 1814 290 1882 Lusitanis,
312 1823 424 1886 quietae
444 1834 491 1871 res
509 1818 632 1873 fuerunt.
668 1818 700 1867 ln
721 1812 853 1863 citeriore
868 1813 901 1866 Α.

93 1885 242 1937 Terentius
252 1889 283 1936 in
293 1887 467 1937 Suessetanis
482 1886 614 1950 oppidum
625 1881 791 1934 Corbionem
810 1881 901 1934 vineis

93 1959 122 2004 et
141 1956 271 2018 operibus
292 1955 476 2019 expugnavit,
497 1954 623 2019 captivos
643 1949 783 2020 vendid'd:
804 1950 902 2017 quiete

94 2021 194 2074 deinde
206 2020 362 2075 hibernant
374 2023 489 2074 citerior
498 2022 642 2090 provincia
651 2021 758 2074 habuit.
782 2019 901 2075 Veteres

93 2097 251 2156 praetores,
273 2093 302 2143 C.
315 2091 480 2158 Calpurnius
495 2092 561 2143 Piso
577 2099 606 2144 et
617 2095 649 2145 L.
666 2091 826 2154 Quinctius,
847 2091 902 2144 Ro·

93 2175 166 2212 mam
184 2161 336 2214 redierunt.
373 2162 490 2230 Utrique
506 2176 609 2230 magno
627 2163 740 2215 Petrum
764 2175 902 2213 consensu

92 2230 249 2297 triumphus
260 2238 302 2283 est
313 2233 452 2286 decretus.
488 2232 570 2284 Prior
581 2234 611 2284 C.
622 2232 786 2298 Calpurnius
802 2230 836 2283 de
846 2230 903 2282 Lu·

93 2299 190 2350 sitanis
213 2307 242 2352 et
258 2302 407 2356 Celtiberis
427 2301 619 2370 triumphavit.
656 2304 780 2355 Coronas
801 2315 901 2352 aureas

93 2369 159 2419 tulit
170 2373 317 2440 octoginta
325 2379 392 2436 tres,
402 2379 431 2425 et
443 2373 590 2426 duodecim
601 2373 690 2424 millia
702 2371 794 2440 pondo
806 2385 902 2438 argen-

94 2437 124 2489 ti.
135 2438 244 2492 Paucos
255 2449 320 2509 post
331 2445 391 2496 dies
401 2443 434 2495 L.
447 2443 592 2506 Quinctius
605 2444 748 2510 Crispinus
758 2456 792 2493 ex
803 2440 902 2491 iisdem

93 2508 240 2562 Lusitanis
261 2513 465 2581 celtiberisque
486 2514 678 2580 triumphavit.
724 2509 901 2563 Tantundem

94 2584 154 2631 auri
166 2587 248 2648 atque
259 2587 367 2652 argenti
378 2586 408 2637 in
420 2599 453 2637 eo
465 2583 607 2650 triumpho
623 2583 799 2635 translatum.
835 2578 903 2630 Cen·

74 2658 168 2712 ⁸⁰10&
177 2649 221 2706 M
232 2653 355 2712 Porcius
365 2661 397 2714 et
406 2655 441 2715 L.
453 2653 604 2724 Valerius,
623 2663 703 2709 metu
710 2653 803 2704 mixta
810 2661 905 2714 exsqe·
