1860 2994
76 315 109 367 ιο
215 274 256 363 r.
276 306 384 361 mvn
404 262 650 374 [neeesse.
664 301 730 370 rao]

75 405 150 466 doio,
157 405 288 471 pleraque
299 416 350 469 per
358 401 416 451 viru
425 398 609 453 audebantur.
646 399 876 468 Oeeuiebatrinr,

75 475 149 543 quod
159 488 226 540 prae
237 470 404 533 ululatibus,
426 475 680 537 tympanorumque
689 476 718 521 et
733 472 877 538 cymbalo-

35 550 40 559 “
55 562 58 567 ’
72 559 133 595 runs
145 542 277 609 strepitu,
298 540 439 592 unlhvox
449 539 638 606 quiritantium
649 539 723 593 inter
740 547 839 607 stupra
849 546 880 595 et

75 612 175 665 caedes
186 611 313 663 exaudiri
323 614 444 677 poterat.

126 682 174 734 lx,
192 681 286 733 Huius
302 679 372 730 rnaii
386 678 465 730 labes
481 691 517 729 ex
526 676 640 729 Etruria
649 677 779 740 Romani,
799 678 880 731 reiut

74 751 241 816 contagione
251 748 352 808 morbi,
374 747 543 813 penetravit.
578 745 674 798 Primo
684 749 762 799 urbis
773 749 880 815 magut-

72 821 142 872 tudo
154 819 283 884 capacior
298 817 504 883 patientiorque
520 816 618 867 talium
633 817 771 868 malorum
788 832 822 869 eo
836 833 878 869 oe·

71 889 156 941 lavit:
178 887 290 939 tandem
301 886 432 937 indicium
443 885 496 937 boe
507 886 627 937 maxime
637 887 722 937 ruodo
734 885 770 940 ab
780 885 879 939 Portu·

72 961 160 1010 mium
171 956 312 1008 consulem
323 956 460 1023 pervenit.
495 955 526 1007 P.
537 956 686 1019 Aebutius,
710 957 789 1007 euius
799 961 880 1022 pater

75 1027 187 1097 publico
209 1042 280 1094 equo
300 1024 438 1094 stipendia
458 1025 579 1087 fecerat,
610 1026 732 1093 pupillus
752 1025 879 1087 relictus,

75 1098 196 1150 mortuis
212 1095 311 1149 deinde
327 1095 483 1158 tutoribus,
504 1096 554 1147 sub
570 1095 661 1147 tutela
670 1095 813 1147 Duroniae
823 1109 880 1146 ma-

75 1168 129 1218 tris
145 1173 174 1218 et
188 1167 284 1218 vitrici
293 1167 327 1218 T.
339 1163 494 1232 Sempronii
512 1165 601 1217 Rutili
620 1166 756 1217 educatus
776 1163 880 1216 fuerat

75 1237 112 1289 Et
122 1242 212 1289 mater
224 1236 320 1288 dedite
330 1236 391 1287 viro
403 1241 478 1300 erat3
499 1240 527 1287 et
537 1234 667 1298 vitricus,
684 1234 750 1303 quia
760 1233 879 1286 tutelam

74 1306 117 1358 ita
128 1312 265 1374 gesserat,
285 1305 466 1372 utratiouern
487 1304 605 1357 reddere
624 1319 678 1355 uon
699 1309 808 1371 posset,
830 1308 882 1354 aut

75 1376 141 1428 tolli
152 1376 299 1444 pupillum,
306 1384 354 1427 aut
365 1375 515 1427 obnoxium
527 1373 581 1424 sibi
591 1372 702 1426 vineola
713 1373 808 1439 aliquo
818 1371 881 1423 fieri

75 1446 216 1511 cupiebat.
252 1444 307 1495 Via
321 1459 377 1499 una
397 1443 574 1510 corruptelae
583 1441 773 1497 Bacchanalia
792 1448 879 1494 eruut.

73 1515 168 1568 Mater
179 1513 415 1565 adolescentulum
426 1513 563 1578 appellat,
586 1512 620 1566 Se
638 1530 692 1582 pro
702 1529 787 1584 aegra
797 1530 827 1564 eo
837 1528 881 1563 oo·

73 1582 152 1645 vitre,
162 1583 207 1634 obi
214 1581 333 1649 priorum
345 1583 533 1646 convaluisset,
547 1580 668 1636 Bacchis
677 1600 736 1636 mm
748 1600 775 1636 te
787 1581 882 1634 initia·

74 1661 182 1715 turam.-
203 1652 361 1705 darnnotam
372 1651 441 1715 noti,
452 1653 529 1705 deum
540 1652 724 1722 benignitate,
746 1653 882 1704 exsolvere

73 1722 104 1775 ir
113 1724 187 1777 veile.
221 1719 322 1774 Decem
331 1721 439 1775 dierum
450 1722 612 1781 castimonie
623 1737 770 1790 oportue:
781 1719 883 1772 decinis

74 1792 117 1843 die
128 1799 279 1853 coenatum,
290 1791 384 1844 deiude
396 1809 467 1860 pure
478 1796 586 1845 lautum
596 1791 626 1844 iu
635 1789 790 1844 sacrarium
800 1791 882 1843 dedu·

76 1871 193 1914 ctorem.
229 1860 359 1915 Scortum
373 1863 468 1917 nobile
482 1862 617 1914 libertina
627 1861 746 1930 Hispala
754 1860 882 1922 Peterin,

75 1946 132 1982 non
155 1931 239 2000 digna
259 1938 392 1999 quaestu,
412 1934 456 1986 cui
476 1931 611 1985 ancillula
632 1935 774 1989 assuerat,
795 1929 881 1980 etiarn

74 2008 224 2071 postquam
236 2003 492 2061 manumiserunt,
515 1999 612 2051 eodem
624 2011 656 2047 se
669 2009 771 2063 genere
785 1996 883 2049 tueba-

75 2079 131 2121 tur.
146 2070 220 2121 Huic
230 2069 402 2121 consuetudo
413 2070 494 2120 iuxta
504 2065 680 2117 vicinitatem
690 2079 752 2115 oum
761 2064 882 2118 Aebutio

75 2138 130 2190 fuit
137 2175 145 2202 ,
165 2140 279 2191 nrinirne
291 2138 478 2191 adolescentis
489 2140 539 2187 aut
547 2133 591 2185 rei
602 2139 651 2186 aut
661 2133 755 2186 famae
771 2133 883 2187 damno·

75 2223 120 2258 sa:
132 2207 207 2258 ultro
219 2209 292 2259 enim
303 2211 412 2257 amatus
423 2204 618 2272 appetitusque
630 2211 703 2257 erat:
715 2205 883 2270 et‚rnaligne

77 2276 172 2329 omnia
184 2275 379 2342 praebentibus
389 2275 461 2338 suis,
482 2273 678 2327 meretriculae
693 2274 883 2326 munificentia

76 2346 276 2397 sustinebatur.
314 2345 388 2407 Quin
398 2359 432 2397 eo
443 2349 618 2413 processerat
629 2343 829 2397 consuetudine
840 2359 883 2393 ea·

76 2421 140 2484 pta,
161 2421 192 2466 ut
204 2420 267 2481 post
277 2414 389 2481 patroni
403 2420 535 2478 mortem,
556 2415 620 2480 quia
634 2414 663 2466 in
677 2413 783 2466 nullius
797 2424 882 2463 mauu

78 2492 151 2547 erat,
173 2491 266 2536 tutore
277 2500 294 2535 a
303 2484 423 2536 tribunis
433 2490 463 2537 et
479 2492 609 2552 praetore
623 2484 727 2550 petito,
749 2497 831 2550 quum
842 2487 884 2534 te·

78 2554 379 2676 atqimentumfaeeret,
400 2571 484 2607 unum
493 2554 642 2608 Aebutium
661 2553 823 2607 institueret
837 2549 884 2606 he·

77 2638 109 2677 re
131 2641 183 2677 eno.

132 2695 167 2746 X.
185 2695 266 2749 Haec
276 2695 378 2748 amoris
390 2697 508 2763 pignora
518 2708 601 2761 quum
613 2697 718 2755 essem,
739 2706 791 2744 nee
810 2691 883 2757 quie·

76 2781 162 2827 qnam
172 2772 313 2819 secretum
326 2768 398 2819 alter
410 2767 444 2818 ab
456 2766 546 2818 altoro
558 2764 706 2825 baberent,
726 2777 777 2830 par
790 2761 883 2814 iocum

59 2832 237 2889 adolescens
248 2844 330 2894 vetat
345 2855 408 2896 earu
420 2838 543 2906 mirari,
561 2836 652 2906 siper
668 2833 780 2900 aitquot
790 2836 890 2881 unates
