1860 2994
74 39 126 82 sea
226 39 258 83 τ.
278 39 383 82 nivii
406 39 492 97 [uu
505 39 561 95 575.
575 39 607 82 A.
619 39 649 82 a.
663 39 730 102 ιη]

75 112 229 125 ........-.

75 141 207 190 consulem
218 139 314 204 ipsum,
325 137 361 186 ad
371 153 445 186 errare
456 152 488 185 ac
500 152 579 186 slaves
592 137 711 207 fugisse.
736 138 790 189 Pri

75 208 208 259 rationem
221 206 391 265 redditurum
403 221 495 256 eorum
507 221 596 256 rerum
608 223 675 268 esse,
686 207 790 275 quonia

74 277 262 328 sulnoluisset.

99 361 103 367 ·
130 343 201 396 Vlll.
222 343 296 412 [12]
316 343 437 394 Comitia
449 341 549 393 deinde
560 342 664 394 habita.
677 344 790 395 Consul«

75 415 126 477 ati,
139 415 169 466 C.
181 413 314 466 Claudius
323 410 458 474 Pulcher,
480 412 524 462 Ti.
535 411 713 478 Sempronius
726 413 790 465 Grai

75 492 104 538 et
114 489 227 551 postero
239 483 285 533 die
295 487 439 548 praetores
449 480 531 543 facti,
552 480 583 532 P.
593 482 686 533 Aelius
698 484 790 535 Tuber

73 569 145 616 rum,
158 556 186 605 C.
200 553 345 615 Quinctius
355 551 539 612 Flamininus,
551 549 580 602 0.
587 550 739 615 Numisius,
751 552 785 606 L.

72 624 155 686 mins,
166 624 214 673 Cn.
224 621 369 673 Cornelius
381 621 484 687 Scipio,
490 621 521 671 C.
526 619 655 672 Valerius
665 623 790 674 Laevina

72 693 172 747 beroni
183 692 288 743 urbana
297 690 467 752 iurisdictio,
479 689 609 750 Quinctio
620 693 768 759 peregrina
779 709 790 747 e

72 763 203 818 Numisio
215 760 324 823 Sicilia,
344 759 479 812 Mummio
491 759 632 811 Sardinia:
654 763 704 813 sed
722 779 757 815 ea
767 779 790 831 pr

48 872 51 879 .
72 833 143 886 belli
153 832 373 900 magnitudinem
383 829 781 898 provinciaconsularisfacta.

74 901 143 957 chus
155 918 215 954 eam
226 903 357 964 sortitur,
374 901 487 952 lstriam
498 900 643 964 Claudius;
665 899 759 968 Scipio
771 917 790 954 el

73 972 155 1024 vinus
166 971 303 1034 Galliam,
322 972 351 1021 in
367 970 437 1022 duas
457 970 574 1021 divisam
595 971 765 1037 provincias,
785 988 790 1022 ι

73 1049 148 1095 sunt.
183 1042 278 1094 Idibus
288 1040 410 1102 Martiis,
423 1054 477 1107 quo
489 1040 533 1091 die
544 1039 725 1106 Sempronius
737 1042 790 1093 Cla*

74 1126 130 1181 quc
142 1112 316 1164 consulatum
325 1111 463 1173 inierunt,
484 1110 588 1161 mentio
599 1116 710 1161 tantum
722 1110 756 1162 de
771 1126 788 1177 p

75 1183 128 1234 ciis
140 1180 267 1233 Sardinia
277 1180 413 1246 lstriaque
425 1185 453 1230 et
464 1179 608 1246 utriusque
620 1178 748 1232 hostibus
759 1179 790 1230 iu

74 1249 105 1301 in
117 1250 160 1301 his
172 1249 321 1317 provinciis
339 1248 445 1299 bellum
465 1250 661 1302 concivissent.
697 1249 790 1300 Poster

67 1319 166 1385 legati
183 1319 352 1379 Sardorum,
372 1319 420 1383 qui
438 1319 473 1368 ad
487 1335 574 1371 novos
596 1320 779 1386 magistratus

76 1394 170 1449 orant,
192 1394 221 1440 et
230 1389 262 1440 L.
275 1387 415 1437 Minucius
424 1386 559 1438 Thermus
567 1425 575 1451 ,
597 1390 643 1455 qui
658 1388 790 1456 legatusl

77 1458 201 1512 consulis
212 1459 241 1509 in
251 1459 336 1509 lstria
346 1455 453 1519 luerat,
472 1458 502 1508 in
519 1464 645 1510 senatum
661 1460 744 1511 venit.
779 1461 790 1512 l

77 1529 194 1583 edoctus
207 1536 249 1582 est
260 1532 386 1590 senatus,
409 1533 541 1596 quantum
562 1530 700 1580 bellicae
721 1544 790 1597 prov

76 1597 220 1653 haberent.
255 1599 406 1651 Moverunt
416 1604 542 1650 senatum
558 1605 585 1650 ct
600 1600 756 1665 legationes
777 1616 790 1652 s

77 1670 199 1722 nominis
208 1669 317 1731 Latini,
330 1684 401 1738 quae
412 1676 440 1720 ct
453 1684 581 1720 censores
593 1675 620 1720 et
632 1671 741 1735 priores
753 1685 790 1722 co:

78 1738 279 1809 fatigaverunt,
288 1741 400 1791 tandem
411 1741 440 1789 in
452 1744 578 1790 senatum
590 1739 777 1793 introductae.
787 1795 789 1799 ,

78 1823 126 1872 sna
154 1810 328 1879 querelarum
340 1813 417 1869 erat,
440 1805 517 1859 Cives
528 1824 588 1860 suos
598 1808 702 1861 Romae
718 1826 790 1863 censo

17 1914 32 1922 ·.
78 1878 302 1945 roeqaeRomom
319 1877 516 1944 corrrmigrasse.
555 1877 633 1941 Quod
654 1878 678 1930 si
694 1879 790 1947 perosis

51 1999 53 2003 .
73 1947 221 2018 perpaucis
232 1946 327 1999 lustris
340 1947 480 2018 futuram,
492 1955 524 1997 ut
535 1948 640 2000 deserta
650 1949 763 2016 oppida,
785 1969 790 2000 c

77 2015 152 2087 agri,
162 2019 265 2069 nullom
277 2016 390 2068 militem
402 2016 467 2068 dore
480 2026 598 2083 possent.
616 2017 761 2085 Fregellas
774 2033 790 2086 q

77 2085 169 2138 millia
178 2091 311 2153 quattuor
321 2084 489 2137 familiarum
501 2089 633 2139 transisse
644 2088 679 2139 ab
689 2105 733 2150 se,
745 2086 790 2139 Sar

77 2155 241 2228 Pelignique
254 2156 449 2221 querebantur:
469 2171 557 2222 neque
567 2172 600 2208 eo
611 2158 702 2209 minus
713 2164 762 2209 aut
773 2156 790 2208 h

16 2221 22 2231 '
77 2226 145 2280 illos
155 2225 186 2277 in
196 2225 306 2277 delectu
316 2226 436 2276 militum
447 2225 522 2278 dare.
552 2226 662 2279 Genera
672 2233 765 2279 autem
775 2226 790 2278 f

80 2294 137 2347 duo
149 2295 299 2348 mutandae
309 2297 416 2346 viritim
427 2296 549 2347 cim'tntis
563 2296 678 2349 inducta
699 2303 786 2349 erant.

79 2366 166 2419 sociis
178 2380 212 2416 ac
220 2364 502 2431 nominisLatini,qui
512 2367 624 2433 stirpem
638 2383 672 2418 ex
683 2382 746 2419 sese
756 2366 790 2418 do

78 2434 245 2503 linquerent,
255 2432 353 2496 daliat,
368 2439 400 2486 ut
411 2434 484 2485 cives
495 2435 615 2487 Romani
624 2436 731 2489 fierent.
768 2437 790 2486 E

62 2505 147 2557 male
157 2504 282 2570 utendo,
305 2503 355 2559 alii
368 2503 469 2568 sociis,
488 2503 539 2555 ulii
552 2506 656 2578 populo
671 2507 790 2565 Romans

48 2569 129 2625 riam
138 2573 305 2639 faciebant.
344 2577 420 2633 Nam
433 2579 480 2642 et,
499 2589 536 2630 ne
547 2575 667 2646 stirpem
675 2573 790 2629 domme*
