1860 2994
142 109 312 163 braxim.
328 111 401 164 Gir.
417 107 461 163 4³.
472 108 770 177 [U.C·581.A.C.171.]
815 109 866 163 201

62 213 117 265 iuit
135 213 267 264 mittendi
285 213 405 266 Romam
425 214 554 282 legatos,
592 228 676 280 quum
696 214 867 280 experienda

62 282 157 335 omnia
168 281 205 334 ad
214 283 356 346 ultimum,
378 299 427 335 nec
442 283 717 351 praetermittendam
733 299 810 350 spem
826 285 867 336 ul·

62 352 117 405 lam
128 352 291 405 consumet.
328 354 446 421 Reliqua
459 354 630 407 consultatio
650 359 726 416 erat,
747 368 867 420 quonam

61 421 146 473 modo
157 428 248 473 tutum
260 424 315 475 iter
325 423 426 492 legatis
437 431 521 477 esset.
555 423 598 476 Ad
608 424 637 476 id
648 439 731 491 quum
742 439 869 476 necessa·

60 492 105 543 ria
114 492 725 563 petitioindutiarumvideretur,cuperetque
734 493 867 556 Marcius,

60 575 152 629 neque
161 561 238 614 aliud
249 564 389 631 colloquio
400 566 526 632 petisset,
532 570 647 631 gravate
656 570 686 616 et
697 566 725 614 in
737 578 868 631 magnam

64 631 186 698 matiam
196 636 318 699 petentis
329 635 476 688 concessit.
511 632 588 686 Nihil
605 637 677 686 enim
696 635 766 685 satis
787 647 868 700 para·

60 706 122 752 tum
132 700 169 752 ad
180 702 285 755 bellum
293 702 497 771 inpraesentia
508 701 648 754 habebant
660 704 789 765 Romani,
811 716 867 753 non

62 770 230 834 exercitum,
240 788 296 824 non
307 773 418 825 ducem:
435 788 519 842 quum
530 772 661 834 Perseus,
681 773 867 840 nispcsvane
888 786 892 791 ·

60 838 139 906 pacis
150 848 329 893 occaecasset
339 840 471 906 masilia,
493 842 587 893 omnia
599 848 768 909 praeparata
783 847 867 908 atque

61 909 202 961 irmtructa
223 909 359 973 haberet,
378 915 408 962 et
426 925 478 962 suo
498 911 618 964 maxime
637 917 763 977 tempore
783 917 868 978 etque

62 978 157 1031 ιΙίοιιο
168 977 298 1030 hostibus
309 979 432 1046 incipere
442 979 546 1033 bellum
557 987 661 1047 posset.
696 983 736 1032 Ab
748 979 801 1031 hoc
813 981 869 1033 col·

19 1070 24 1077 ·
62 1047 91 1101 lo
110 1048 176 1110 nio,
198 1045 254 1099 lide
265 1048 436 1100 indutiarum
447 1049 630 1115 interposita,
651 1050 741 1115 legati
749 1051 870 1101 Romani

63 1117 93 1169 Q
142 1117 250 1169 eotiam
261 1120 418 1184 comparati
428 1124 502 1169 sunt.
513 1119 556 1170 lbi
565 1119 622 1169 iam
634 1124 727 1169 motus
738 1124 871 1183 coeperat

64 1202 140 1251 esse,
161 1186 368 1240 discedentibus
387 1188 561 1241 soccietate
582 1186 736 1239 communis
755 1186 868 1239 concilii

62 1254 235 1309 Bocotonrm
244 1256 410 1324 quibusdam
419 1256 543 1325 populis,
561 1271 598 1309 ex
609 1270 664 1325 quo
678 1257 869 1309 renuntiatum

62 1330 132 1389 crat,
143 1325 323 1392 respondisse
333 1327 455 1395 legatos,
465 1325 771 1395 appariturumquibus
782 1340 870 1409 popu·

62 1393 98 1447 lis
107 1396 222 1463 proprie
231 1397 398 1450 societatem
408 1412 470 1449 com
485 1411 553 1464 rege
568 1395 647 1464 iungi
668 1396 869 1464 displicuisset.

64 1463 151 1517 Primi
163 1464 350 1520 achaeronea
360 1468 462 1536 legati,
483 1466 610 1519 deindea
621 1465 739 1528 Thebis,
757 1467 788 1517 in
807 1468 870 1533 ipsc

61 1532 165 1589 itinere
176 1543 372 1600 occurrerunt,
392 1536 562 1589 affirmantes
581 1552 638 1587 non
654 1535 816 1588 interfuisse
831 1550 871 1598 se,

16 1633 27 1659 ·.
63 1606 252 1725 quplsocletas
263 1622 298 1658 ea
309 1606 422 1659 decreta
433 1610 521 1668 esset,
542 1605 674 1656 concilior
693 1619 762 1670 quos
772 1604 871 1671 legati,

62 1686 101 1725 nu
125 1674 182 1727 oio
192 1677 352 1740 praesentia
362 1690 497 1741 responso
510 1674 591 1736 dato,
611 1671 774 1723 Chalcidem
788 1688 819 1724 se
830 1686 871 1723 se·

62 1740 271 1809 quliusserunt.
308 1745 411 1795 Thebis
423 1758 523 1810 magna
534 1742 675 1793 contentio
687 1746 751 1791 orta
764 1746 825 1791 erat
837 1754 872 1792 ex

63 1810 123 1865 alio
134 1812 293 1865 certamine.
315 1813 441 1865 comitiis
453 1811 605 1878 praetoriis
616 1810 787 1861 Boeotorum
799 1811 872 1863 victa

62 1894 139 1948 pars,
149 1881 279 1933 iniuriam
290 1897 467 1949 persequens,
478 1886 578 1933 coacta
588 1880 766 1931 multitudine
777 1879 870 1933 decre-

64 1955 125 2001 tum
136 1950 205 2003 fecit
216 1950 330 2015 Thebis,
340 1968 375 2004 ne
386 1949 581 2005 Boeotarchae
592 1950 705 2002 urbibus
716 1952 871 2017 reciperen·

64 2025 121 2071 tur.
157 2020 278 2073 Exsules
289 2021 426 2090 Thespias
436 2021 559 2074 universi
575 2025 785 2072 concesserunt:
805 2021 872 2073 inde

65 2089 184 2156 (recepti
195 2092 269 2142 enim
284 2095 343 2145 sine
357 2093 537 2144 cunctatione
553 2092 644 2152 erant)
666 2088 793 2152 Thebas,
813 2091 871 2142 iam

10 2206 14 2217 ,
64 2159 185 2213 mutatis
194 2160 305 2224 animis,
315 2164 439 2215 revocati
449 2161 593 2213 decretum
603 2159 718 2221 iaciunt,
728 2165 761 2209 ut
770 2160 873 2212 duode-

10 2220 14 2266 l
67 2228 133 2292 cim,
145 2229 195 2296 qui
204 2231 305 2295 privati
316 2236 427 2284 coetum
439 2237 469 2283 et
480 2230 629 2282 concilium
639 2227 815 2290 habuissent,
827 2243 871 2280 ex·

65 2296 132 2349 silio
144 2300 341 2352 multarentur.
376 2299 471 2351 Nonus
481 2299 583 2352 deinde
602 2304 715 2364 praetor
727 2298 874 2360 (Ismenias

67 2366 94 2417 is
105 2373 181 2430 erat,
190 2368 236 2418 vir
245 2370 345 2421 nobilis
356 2385 389 2421 ac
398 2372 509 2435 potens)
521 2368 647 2435 capitalis
658 2381 766 2434 poenae
778 2367 874 2416 absen-

68 2441 114 2489 tes
124 2452 174 2489 eos
185 2436 298 2491 decreto
310 2439 434 2491 damnat.
470 2437 632 2489 Chalcidem
646 2435 797 2502 ingerente
811 2433 889 2480 inne

69 2507 106 2557 ad
116 2506 259 2558 Romanos
271 2508 412 2561 Larissam
424 2507 566 2578 proiecti,
583 2520 705 2561 cansam
714 2498 908 2569 summersae

67 2575 249 2626 societatini:
259 2578 411 2634 Ismeniam
434 2582 651 2637 concelerante
673 2592 709 2628 ex
735 2569 915 2637 contesimo

54 2649 144 2691 ortam
152 2651 300 2702 certamen.
341 2650 508 2724 Utrirrsque
519 2661 633 2709 tamen
652 2641 762 2715 partis
775 2631 893 2694 wilm
919 2647 924 2655 “
