1860 2994
24 117 43 179 ἰ
82 174 755 246 institueremus.[consumarem
785 174 832 226 oss

40 252 835 274 ..,-..-..-.......-.......-.---.

41 292 84 354 qui
94 289 129 338 ad
140 290 364 341 intercedendum
376 290 521 349 venissent,
533 289 775 349 desisterent,ticti
787 303 833 337 att·

11 356 15 361 '
40 359 215 409 ctoritotibus
232 358 408 409 suadentium
423 357 524 424 legem.
560 359 631 407 'l'um
642 358 713 409 inter
724 365 832 422 praeto·

40 443 95 478 rem
109 428 291 492 tribunosque
307 427 399 478 omnis
417 427 611 494 intempestive
627 426 728 492 agendi
743 433 832 478 certu-

39 511 98 547 men
109 502 177 548 erut.
201 497 318 546 Tribuni
328 495 533 549 festinationem
543 497 680 565 praetoris
691 500 754 545 unte
764 501 833 547 tem·

37 579 86 630 pus
96 565 306 627 intercedendo,
322 571 544 628 [quumdsmnsrent
559 574 712 615 imitabuntur.
742 572 833 614 llocta-

8 662 20 675 -
36 650 89 680 ssen
96 639 256 682 intercessioni
265 652 319 682 sune
328 640 532 696 praetendebant]
546 638 575 686 in
585 637 733 688 adtentum
743 637 833 696 imnis·

34 703 117 746 rstoris
127 709 150 745 et
159 704 235 746 decem
242 704 366 756 legatorum
375 718 405 747 ex
415 704 557 752 blseedonis,
569 705 614 759 qui,
628 718 653 747 re
663 705 835 757 diligentissime

35 759 146 801 extiteris
157 760 282 815 tenutisquo
293 764 482 816 perpensa,certo
491 759 612 801 indicaturi
623 765 708 809 essent,
715 775 758 816 quo
768 773 835 816 quiae-

49 827 79 856 us
91 814 170 857 civitas
183 816 206 857 in
215 817 300 857 Perses
308 818 451 856 ltomsnosse
464 814 538 855 snisno
547 813 643 863 luisset,
660 820 728 857 totum
738 818 765 859 de
775 817 834 859 ltbo·

33 828 79 915 iiis
93 870 280 912 consulationem
296 872 361 912 reiici
376 882 433 924 opus
446 881 504 911 esse.
534 868 579 911 seu
595 883 661 923 quum
678 871 747 912 nihilo
761 874 835 915 minus

33 929 128 981 praetor
135 926 275 979 propositum
285 932 382 976 urgeret,
396 939 422 966 eo
432 938 469 966 res
479 925 598 979 processit,
608 930 634 966 ut
643 924 756 968 Antonius
766 930 835 970 tribu-

33 994 90 1081 3:¹2:
100 980 383 1077 t‘tlttttb'tttt
391 980 667 1077 tribunitii
680 981 837 1081 ‘iiiiii

32 1090 166 1137 concionem
175 1049 302 1145 praeterii.
331 1091 449 1141 Cetemm,
467 1092 511 1133 etsi
524 1064 711 1146 praecipitem’ac
723 1052 836 1137 servitiu:

32 1146 149 1205 prsctoris
164 1150 268 1187 eonntum
281 1159 324 1200 pur
336 1147 420 1187 tribuni
435 1147 562 1200 pervicscia
572 1148 720 1196 discusserat,
739 1149 836 1191 nondum

32 1214 112 1248 umen
122 1213 175 1244 curn
184 1201 314 1244 decesserat
322 1201 460 1243 Rhodiorum
468 1202 555 1244 anisnis.
571 1204 652 1245 Patres
660 1202 719 1243 enirn
727 1208 792 1244 erent
800 1203 836 1244 in-

32 1257 175 1303 fensissimi:
193 1262 218 1298 ut
231 1257 358 1300 imminenti
372 1258 430 1300 rnalo
440 1258 509 1300 levati
517 1258 587 1309 magis
596 1258 619 1299 in
629 1270 736 1311 prsesens
746 1256 836 1307 Rhodii,

33 1326 103 1371 quum
115 1313 203 1355 omnino
216 1313 307 1355 libenti
320 1320 405 1357 essent.
433 1312 508 1365 Igitur
518 1327 585 1368 quum
594 1314 632 1355 diu
640 1313 777 1367 msrltuanuo
786 1326 837 1368 pre-

33 1370 139 1414 cenutm
149 1368 238 1411 tsutlem
246 1376 339 1412 senstus
347 1371 414 1414 dutum
424 1375 498 1416 essen
507 1370 631 1411 introducti
640 1382 653 1412 ι
661 1370 841 1424 consolamine

33 1425 156 1484 prostratis
166 1424 226 1466 btrmi
234 1427 364 1481 corporibus
374 1426 412 1468 diu
421 1426 504 1468 flentes
512 1425 640 1468 iacuerunt:
659 1425 753 1474 deinde,
770 1439 837 1481 quum

34 1481 150 1526 exettstos
157 1481 235 1523 consul
243 1480 317 1525 dicere
324 1481 587 1535 iussissenrlstymodes,
597 1494 662 1537 quom
671 1482 767 1523 nerine
777 1495 835 1524 eom-

35 1537 155 1635 poslipofsd
167 1538 347 1580 commovendum
356 1538 524 1580 miserationem
537 1536 626 1586 babitu,
643 1539 668 1580 in
677 1536 735 1581 bunc
747 1538 835 1581 modum

35 1604 108 1637 vers
127 1593 179 1635 ecit.

81 1680 163 1726 XXII.
179 1681 226 1725 Hie
235 1681 312 1723 luctus
329 1687 352 1724 et
366 1682 459 1738 squalor
466 1683 552 1737 paullo
562 1687 618 1725 ante
624 1682 768 1736 florentium
777 1686 835 1727 ami-

37 1737 321 1786 citiaoestrasociorum,
336 1737 419 1779 l'atres
427 1737 573 1792 conscripti,
587 1751 635 1779 non
648 1742 728 1792 potest
736 1751 783 1778 non
791 1750 837 1779 eres

38 1793 115 1838 etiam
131 1792 202 1836 iratis
216 1792 365 1835 miserabilis.
394 1794 428 1835 At
443 1797 532 1848 presente
546 1793 635 1836 iustior
647 1797 736 1833 vestras
750 1798 839 1835 mentes

38 1848 130 1894 subibit
137 1848 265 1896 miseratio,
275 1848 296 1890 si
303 1848 411 1902 cogitare
418 1847 550 1896 volueritis,
557 1862 627 1903 quarm
637 1848 698 1888 dura
705 1847 839 1890 conditione

37 1917 137 1949 causans
146 1902 184 1946 bic
193 1904 261 1959 opud
267 1916 305 1946 vos
322 1917 399 1960 prope
409 1903 458 1946 iarn
466 1904 593 1946 damnatae
601 1902 710 1945 ciuitatis
720 1916 820 1956 agemus
829 1909 838 1946 t

40 1960 119 2004 Ceteri
126 1960 161 2002 rei
170 1958 252 2014 fiunt,
267 1960 556 2016 antequamdmnnersturr
570 1972 612 2001 nec
621 1957 693 2013 prius
704 1959 838 2016 luurstsup-

44 2021 126 2072 olicis,
135 2036 204 2080 quam
213 2026 240 2065 de
249 2024 424 2078 eulpaconstet.
454 2021 546 2065 Rhodii
550 2022 560 2077 J
570 2017 584 2045 ’⁶
594 2018 608 2041 ¹*
618 2023 671 2078 est,
689 2016 841 2082 peccaveri-

49 2101 142 2150 musne,
157 2084 244 2136 adbuc
255 2087 361 2137 dubium
371 2094 425 2137 est:
440 2102 556 2153 poenas,
577 2084 741 2154 ignominias
751 2102 839 2140 omnes

54 2171 98 2208 um
106 2155 237 2221 patimur.
272 2155 370 2218 Antea,
391 2154 663 2225 Carthaginiensibus
673 2154 761 2219 victis,
776 2155 841 2208 Par·-

57 2226 125 2293 Yppo,
146 2221 279 2274 Antiocbo
290 2225 433 2289 superatis,
454 2242 534 2293 quum
545 2225 660 2276 Romam
670 2225 839 2288 venissemus,

63 2312 76 2347 t
82 2291 192 2362 publico
206 2291 322 2357 bospitio
332 2293 362 2344 ia
376 2295 479 2346 curiam
493 2298 666 2364 gratulatum
677 2295 764 2360 uobis,
784 2296 840 2347 Pa·

68 2379 97 2415 *es
109 2361 265 2426 conscripti,
275 2377 308 2412 ex
319 2362 396 2413 curia
405 2363 435 2414 in
447 2362 611 2431 Capitolium
621 2366 658 2416 ad
666 2366 726 2416 deos
737 2374 839 2416 vestros

75 2449 112 2486 na
121 2431 245 2504 ferentes
252 2446 265 2490 ,·
284 2447 355 2482 nunc
371 2449 405 2483 ex
415 2434 521 2485 sordido
532 2434 696 2494 deversorio,
716 2434 763 2484 aia
772 2449 840 2485 mer·

78 2502 104 2553 te
114 2501 228 2568 recepti,
248 2516 281 2551 ac
294 2516 378 2567 prope
389 2501 503 2555 bostium
513 2521 585 2557 more
595 2510 674 2554 extro
685 2501 776 2553 urbem
785 2518 839 2553 nsa-

83 2587 105 2622 ·e
115 2570 197 2632 iussi,
220 2569 249 2622 s‘n
264 2568 312 2621 boe
327 2574 576 2637 squaloreoenimus
588 2569 729 2621 incuriam
742 2570 840 2619 Romn-

88 2638 221 2701 antonii,
233 2655 297 2706 qnos
304 2641 454 2708 proviaciis
464 2659 550 2712 nuper
560 2638 650 2710 Innio
663 2633 869 2705 utquetlor'su,

93 2726 105 2759 r
110 2708 247 2776 praemiis
262 2719 348 2781 atque
364 2712 518 2769 bonoribus
537 2706 726 2783 asnptissimis
742 2702 890 2752 doum*-
