1876 2970
291 304 441 367 menon.
457 317 619 365 nurunu.
817 324 854 365 ou

396 410 520 466 xcvlu.

49 469 197 547 Machares,
205 498 266 541 tilius
274 495 423 549 Mithridatis,
432 498 530 554 Bospori
537 511 587 548 rex,
596 500 625 541 ab
633 499 660 542 L.
671 499 765 543 Lucullo
774 501 798 542 in
806 502 861 540 nnu-

49 556 130 600 citiam
139 560 245 608 receptus
254 560 297 600 ost.
329 555 370 598 Cn.
380 554 492 597 Lentulus
503 560 527 598 et
538 556 564 598 L.
575 554 663 598 Gellius
673 568 779 598 censores
794 568 861 612 nspe-
879 592 886 602 ,

50 625 101 656 rom
111 622 229 652 censuram
237 617 344 662 egerunt,
363 617 470 667 quattuor
485 617 508 654 et
523 613 644 664 sexaginta
659 618 740 654 senatu
750 612 829 653 motis:
847 624 861 653 a

50 667 146 724 quihus,
165 666 238 707 lustro
246 668 353 717 condito,
369 680 437 710 censa
446 673 500 711 sunt
508 669 589 713 civium
605 668 681 722 capita
695 667 860 722 quadringenta

50 720 217 779 quinquaginta
226 723 305 768 millia.
329 725 356 768 L.
365 724 474 768 Metellus
483 731 575 779 praetor
582 726 607 768 in
617 725 697 768 sicilia
706 723 814 766 adversus
825 723 859 777 pi-

49 778 240 832 rotus'prospere
248 794 295 823 rem
310 782 389 834 gessit.
420 779 541 832 Templum
556 781 617 825 louis
627 780 782 836 incipientia,
800 779 864 834 quod

49 833 158 878 incendio
168 843 324 892 consumptum
339 851 366 880 ac
374 837 487 879 reiectum
497 841 559 884 erat,
579 851 592 879 a
603 840 630 887 Q.
641 837 723 880 Catulo
732 835 861 877 dedicatum

51 895 97 934 est.
114 889 141 931 L.
150 889 258 935 Lucullus
266 895 291 936 in
297 893 406 936 Amneni&
412 890 568 933 Mithridatem
576 899 600 934 et
607 893 738 946 Tigranem,
750 897 774 934 et
783 892 861 942 irrigen-

51 955 90 991 tes
98 946 215 1000 utriusque
224 951 285 1002 regis
295 951 380 1003 copias,
399 947 502 1003 pluribus
512 949 607 1002 proeliis
617 949 684 991 fudit.
715 948 861 998 Q.Mete11us

52 1002 183 1059 proconsul,
194 1003 254 1047 bello
263 1007 307 1047 sibi
317 1005 425 1047 adversus
435 1002 557 1046 Cretenses
567 1005 680 1053 mundato,
690 1005 815 1057 Cydoniam
826 1017 862 1044 ur-

50 1063 104 1103 bem
115 1057 211 1099 obsedit.
223 1060 248 1102 C.
257 1060 370 1109 Trierius,
378 1059 467 1111 legatus
477 1060 575 1108 Luculli,
586 1060 693 1103 adversus
704 1059 862 1101 Mithridatem

51 1125 133 1172 perum
142 1125 251 1166 prospere
259 1116 377 1170 pugnavit.
406 1116 534 1164 Lucullum,
547 1130 575 1159 ne
585 1120 762 1171 persequeretur
771 1114 862 1157 Mithri·

51 1172 129 1213 datem
138 1179 165 1208 ec
173 1165 310 1222 Tigranem,
327 1184 479 1225 summamque
495 1173 604 1215 victoriae
618 1173 758 1226 imponeret,
778 1171 861 1213 seditio

52 1225 151 1272 militurn
160 1227 242 1276 tenuit,
262 1229 315 1282 quia
322 1229 388 1283 sequi
397 1228 515 1270 nolebant:
530 1229 554 1270 id
564 1232 606 1277 est,
618 1231 671 1282 quia
680 1230 782 1281 legiones
793 1227 862 1269 Vale-

51 1284 141 1330 tianae,
150 1279 300 1336 impleuere
309 1285 423 1340 stipendia
433 1284 544 1335 dieentes,
554 1285 674 1329 Lucullum
683 1286 831 1339 reliquerunt.

408 1375 506 1429 XClX.

54 1419 93 1509 Q.
105 1459 213 1503 Metellus
228 1460 350 1516 proconsul
365 1459 479 1512 (inessen,
497 1464 521 1506 et
534 1462 638 1516 Lyctum,
657 1467 681 1504 et
689 1458 821 1514 Cydoniam,
839 1463 864 1502 et

51 1520 112 1562 alias
127 1517 235 1571 plurimas
251 1519 320 1560 urbes
335 1519 482 1572 expugnavit.
512 1518 539 1563 L.
555 1519 652 1561 Roscius
667 1519 771 1560 tribunus
788 1515 862 1570 plebio

52 1579 127 1627 legem
135 1574 195 1623 tulit,
212 1578 238 1616 ut
248 1575 362 1630 equitibus
371 1574 480 1618 Romanis
489 1575 514 1618 in
523 1575 612 1620 theatro
623 1573 802 1630 quattuordecim
813 1585 863 1623 gre-

52 1631 96 1674 dus
107 1630 205 1684 proximi
213 1632 391 1682 assiqnarentur.
421 1632 462 1676 Cn.
472 1633 604 1688 Pompeius,
614 1633 665 1684 lege
676 1631 704 1673 ad
713 1629 821 1685 populum
829 1628 862 1669 lu-

52 1694 85 1735 ta,
94 1686 201 1741 persequi
211 1687 298 1740 piratas
307 1689 391 1736 iussus,
402 1689 439 1740 qui
448 1691 603 1733 commercium
612 1701 716 1730 annonae
726 1685 860 1729 intercluse-

50 1748 114 1790 runt,
125 1743 185 1782 int-re
194 1742 388 1794 quadragesimum
398 1742 457 1784 diem
466 1748 513 1786 toto
521 1747 578 1788 meri
587 1759 626 1788 eos
637 1744 740 1800 expulit3
755 1742 861 1793 belloque

50 1812 103 1843 cunr
112 1798 141 1838 iis
150 1798 173 1838 in
183 1797 264 1839 Cilicia
273 1797 392 1845 confecto,
409 1800 509 1852 acceptis
518 1800 543 1841 in
558 1801 696 1841 deditionem
702 1799 787 1894 pirolis
795 1807 861 1847 nqroa

50 1859 76 1898 et
86 1853 153 1894 urbes
162 1853 232 1894 dedit.
256 1854 381 1895 Praeterea
391 1865 428 1893 res
437 1857 513 1903 gestes
523 1857 572 1904 etl.
583 1855 677 1896 Metello
687 1868 700 1894 ιι
716 1864 796 1895 versus
805 1852 860 1893 Cre-

50 1919 130 1954 tenaes
146 1909 262 1952 continete
280 1913 304 1950 et
319 1908 430 1963 epistolas
440 1908 529 1950 Metelli
546 1914 569 1952 et
580 1909 621 1951 Cn.
631 1909 736 1962 Pompeii
750 1909 775 1949 in
788 1908 863 1950 uicem

51 1967 142 2010 missas.
159 1965 267 2014 Queritur
276 1965 395 2012 Metellus,
405 1964 499 2015 gloriam
509 1965 553 2007 sihi
563 1978 637 2007 rerum
647 1970 762 2016 gestarum
773 1964 860 2005 aPom-

50 2022 104 2078 peto
112 2020 225 2075 praeripi,
246 2020 315 2075 quiin
325 2021 416 2062 Cretam
424 2021 513 2063 miserit
521 2021 621 2074 legatum
631 2033 697 2062 eruum
711 2019 740 2062 ad
749 2019 862 2072 accipien-

49 2079 93 2120 das
104 2078 191 2119 urbium
202 2076 339 2120 deditiones.
349 2077 472 2132 Pompeius
482 2076 594 2121 rationem
602 2076 685 2128 reddit,
696 2074 738 2120 hoc
748 2087 772 2118 se
782 2075 861 2117 lacere

49 2134 167 2177 debuisse.

51 2245 89 2316 C.
101 2274 209 2316 Manilius
224 2277 328 2320 tribunus
342 2276 417 2332 plebis
432 2289 513 2330 magna
527 2275 684 2329 indignatione
693 2275 861 2320 nobilitatisle-

52 2343 103 2385 gem
113 2330 173 2377 tulit,
183 2336 209 2371 ut
217 2333 326 2386 Pompeio
336 2332 516 2377 Mithridaticum
526 2335 609 2376 bellum
618 2334 770 2377 manderetur.
802 2330 861 2374 Con-

53 2385 146 2430 cineus
156 2387 222 2428 hone.
239 2390 265 2435 st.
273 2388 390 2438 Metellus,
398 2391 531 2443 perdomitis
541 2390 697 2440 Cretensibus,
707 2390 793 2432 liberae
804 2389 828 2431 in
838 2388 860 2430 id

54 2450 144 2494 tempus
152 2441 242 2482 insulne
251 2443 315 2493 leges
325 2444 394 2486 dedit.
416 2445 456 2488 Cn.
467 2448 597 2501 Pompeius,
608 2448 636 2489 ed
646 2447 768 2498 gerendum
776 2446 862 2488 bellum

55 2499 164 2540 adversus
174 2496 329 2541 Mithridatem
344 2501 475 2554 profectus,
492 2514 540 2545 cum
550 2517 602 2556 rege
610 2502 745 2546 Parthorum
762 2499 861 2542 Phraate

55 2553 178 2597 amicitiam
188 2555 317 2603 renouauit3
334 2557 433 2610 equestri
441 2559 528 2613 proelio
537 2559 693 2601 Mithridatem
702 2557 763 2598 vicit.
792 2557 862 2599 Proe-

55 2619 119 2653 terea
128 2609 211 2650 bellum
219 2610 280 2651 iuter
287 2610 408 2655 Phreetosn
413 2614 550 2656 Parthorum
558 2627 641 2665 rogem,
651 2617 675 2654 et
683 2611 807 2663 Tigranem
819 2611 862 2653 Ar-

53 2667 192 2717 meniorum,
209 2678 236 2708 ac
245 2666 325 2710 deiude
332 2667 394 2711 iuter
404 2667 527 2722 Tigranem
535 2670 607 2712 filium
622 2673 754 2724 patremque
764 2673 860 2720 gestium,

53 2722 164 2765 eontinet.
721 2732 724 2736 '

48 2836 96 2906 0¹¹¹
115 2864 243 2923 Pompeio,
255 2867 441 2926 Mithridatem,
459 2872 586 2918 nocturno
595 2861 696 2923 proetus
708 2854 829 2898 <rotoma
843 2834 923 2878 *mx*
