<?xml version="1.0" encoding="UTF-8"?>
<!DOCTYPE html PUBLIC "-//W3C//DTD XHTML 1.0 Transitional//EN"
    "http://www.w3.org/TR/xhtml1/DTD/xhtml1-transitional.dtd">
<html xmlns="http://www.w3.org/1999/xhtml" xml:lang="en" lang="en">
 <head>
  <title>
</title>
<meta http-equiv="Content-Type" content="text/html;charset=utf-8" />
  <meta name='ocr-system' content='tesseract 3.04.00' />
  <meta name='ocr-capabilities' content='ocr_page ocr_carea ocr_par ocr_line ocrx_word'/>
</head>
<body>
  <div class='ocr_page' id='page_1' title='image "./tliviipatavinih01livigoog_0356.png"; bbox 0 0 1860 2994; ppageno 0'>
   <div class='ocr_carea' id='block_1_1' title="bbox 65 94 801 207">
    <p class='ocr_par' dir='ltr' id='par_1_1' title="bbox 65 94 801 207">
     <span class='ocr_line' id='line_1_1' title="bbox 65 94 801 207; baseline 0.01 -24"><span class='ocrx_word' id='word_1_1' title='bbox 65 94 390 207; x_wconf 49' lang='lat' dir='ltr'><em>&#39;&#39;mnxovcpuoo</em></span> <span class='ocrx_word' id='word_1_2' title='bbox 407 134 711 205; x_wconf 55' lang='lat' dir='ltr'><em>[consiacum</em></span> <span class='ocrx_word' id='word_1_3' title='bbox 752 135 801 190; x_wconf 77' lang='lat'><em>35⁷</em></span> 
     </span>
    </p>
   </div>
   <div class='ocr_carea' id='block_1_2' title="bbox 21 237 805 309">
    <p class='ocr_par' dir='ltr' id='par_1_2' title="bbox 21 237 805 309">
     <span class='ocr_line' id='line_1_2' title="bbox 21 237 805 309; baseline 0.006 -22"><span class='ocrx_word' id='word_1_4' title='bbox 21 246 167 289; x_wconf 51' lang='lat' dir='ltr'><em>&#39;’otacrurrt.</em></span> <span class='ocrx_word' id='word_1_5' title='bbox 205 237 311 301; x_wconf 78' lang='lat' dir='ltr'><em>Consul,</em></span> <span class='ocrx_word' id='word_1_6' title='bbox 319 239 504 308; x_wconf 78' lang='lat' dir='ltr'><em>proficiscens,</em></span> <span class='ocrx_word' id='word_1_7' title='bbox 513 251 669 306; x_wconf 76' lang='lat' dir='ltr'><strong><em>praetorve,</em></strong></span> <span class='ocrx_word' id='word_1_8' title='bbox 686 242 805 309; x_wconf 89' lang='lat' dir='ltr'><em>paluda-</em></span> 
     </span>
    </p>
   </div>
   <div class='ocr_carea' id='block_1_3' title="bbox 21 307 865 2756">
    <p class='ocr_par' dir='ltr' id='par_1_3' title="bbox 21 307 865 2756">
     <span class='ocr_line' id='line_1_3' title="bbox 22 307 805 377; baseline 0.005 -20"><span class='ocrx_word' id='word_1_9' title='bbox 22 323 44 357; x_wconf 86' lang='lat' dir='ltr'><em>ts</em></span> <span class='ocrx_word' id='word_1_10' title='bbox 57 323 116 358; x_wconf 90' lang='lat' dir='ltr'><em>cum</em></span> <span class='ocrx_word' id='word_1_11' title='bbox 127 307 267 359; x_wconf 78' lang='lat' dir='ltr'><em>lictoribus</em></span> <span class='ocrx_word' id='word_1_12' title='bbox 278 310 307 361; x_wconf 87' lang='lat' dir='ltr'><em>in</em></span> <span class='ocrx_word' id='word_1_13' title='bbox 320 310 490 377; x_wconf 84' lang='lat' dir='ltr'><em>provinciam</em></span> <span class='ocrx_word' id='word_1_14' title='bbox 502 311 575 360; x_wconf 87' lang='lat' dir='ltr'><em>etad</em></span> <span class='ocrx_word' id='word_1_15' title='bbox 586 310 688 373; x_wconf 87' lang='lat' dir='ltr'><em>bellum,</em></span> <span class='ocrx_word' id='word_1_16' title='bbox 698 320 762 361; x_wconf 85' lang='lat' dir='ltr'><em>uota</em></span> <span class='ocrx_word' id='word_1_17' title='bbox 774 310 805 362; x_wconf 86' lang='lat' dir='ltr'><em>ia</em></span> 
     </span>
     <span class='ocr_line' id='line_1_4' title="bbox 21 377 805 447; baseline 0.004 -20"><span class='ocrx_word' id='word_1_18' title='bbox 21 377 140 444; x_wconf 55' lang='lat' dir='ltr'><em>lapitolio</em></span> <span class='ocrx_word' id='word_1_19' title='bbox 152 388 305 446; x_wconf 82' lang='lat' dir='ltr'><em>rtrtricupat:</em></span> <span class='ocrx_word' id='word_1_20' title='bbox 325 380 422 442; x_wconf 81' lang='lat' dir='ltr'><em>uictor,</em></span> <span class='ocrx_word' id='word_1_21' title='bbox 429 390 592 447; x_wconf 89' lang='lat' dir='ltr'><em>perpetrato</em></span> <span class='ocrx_word' id='word_1_22' title='bbox 604 382 699 440; x_wconf 86' lang='lat' dir='ltr'><em>eodem,</em></span> <span class='ocrx_word' id='word_1_23' title='bbox 711 381 738 431; x_wconf 89' lang='lat' dir='ltr'><em>ia</em></span> <span class='ocrx_word' id='word_1_24' title='bbox 752 379 805 430; x_wconf 81' lang='lat' dir='ltr'><em>Ca·</em></span> 
     </span>
     <span class='ocr_line' id='line_1_5' title="bbox 21 447 807 516; baseline 0.004 -18"><span class='ocrx_word' id='word_1_25' title='bbox 21 447 96 498; x_wconf 91' lang='lat' dir='ltr'><em>itolio</em></span> <span class='ocrx_word' id='word_1_26' title='bbox 109 447 279 514; x_wconf 74' lang='lat' dir='ltr'><em>triumphans</em></span> <span class='ocrx_word' id='word_1_27' title='bbox 292 451 329 501; x_wconf 90' lang='lat' dir='ltr'><em>ad</em></span> <span class='ocrx_word' id='word_1_28' title='bbox 340 452 441 502; x_wconf 87' lang='lat' dir='ltr'><em>eosdem</em></span> <span class='ocrx_word' id='word_1_29' title='bbox 452 450 621 516; x_wconf 85' lang='lat' dir='ltr'><em>deos,quibus</em></span> <span class='ocrx_word' id='word_1_30' title='bbox 633 459 695 501; x_wconf 90' lang='lat' dir='ltr'><em>oota</em></span> <span class='ocrx_word' id='word_1_31' title='bbox 706 467 807 501; x_wconf 77' lang='lat' dir='ltr'><em>ostericu-</em></span> 
     </span>
     <span class='ocr_line' id='line_1_6' title="bbox 21 517 806 589; baseline 0 -21"><span class='ocrx_word' id='word_1_32' title='bbox 21 518 89 579; x_wconf 88' lang='lat' dir='ltr'><em>aoit‚</em></span> <span class='ocrx_word' id='word_1_33' title='bbox 102 517 200 570; x_wconf 76' lang='lat' dir='ltr'><em>reuerita</em></span> <span class='ocrx_word' id='word_1_34' title='bbox 211 519 279 572; x_wconf 89' lang='lat' dir='ltr'><em>dona</em></span> <span class='ocrx_word' id='word_1_35' title='bbox 293 521 390 589; x_wconf 92' lang='lat' dir='ltr'><em>populi</em></span> <span class='ocrx_word' id='word_1_36' title='bbox 400 520 518 573; x_wconf 80' lang='lat' dir='ltr'><em>Rotnani</em></span> <span class='ocrx_word' id='word_1_37' title='bbox 535 519 695 572; x_wconf 72' lang='lat' dir='ltr'><em>transvehit.</em></span> <span class='ocrx_word' id='word_1_38' title='bbox 732 520 806 571; x_wconf 88' lang='lat' dir='ltr'><em>Pars</em></span> 
     </span>
     <span class='ocr_line' id='line_1_7' title="bbox 21 587 807 656; baseline 0.001 -18"><span class='ocrx_word' id='word_1_39' title='bbox 21 604 54 640; x_wconf 88' lang='lat' dir='ltr'><em>on</em></span> <span class='ocrx_word' id='word_1_40' title='bbox 67 587 179 639; x_wconf 80' lang='lat' dir='ltr'><em>ruiniaco</em></span> <span class='ocrx_word' id='word_1_41' title='bbox 198 590 331 656; x_wconf 76' lang='lat' dir='ltr'><em>triumphi</em></span> <span class='ocrx_word' id='word_1_42' title='bbox 347 600 387 642; x_wconf 86' lang='lat' dir='ltr'><em>est</em></span> <span class='ocrx_word' id='word_1_43' title='bbox 402 591 528 642; x_wconf 81' lang='lat' dir='ltr'><em>uictimae</em></span> <span class='ocrx_word' id='word_1_44' title='bbox 543 592 736 656; x_wconf 87' lang='lat' dir='ltr'><em>praecedentes</em></span> <span class='ocrx_word' id='word_1_45' title='bbox 742 606 754 649; x_wconf 90' lang='lat'><em>,·</em></span> <span class='ocrx_word' id='word_1_46' title='bbox 775 598 807 640; x_wconf 89' lang='lat' dir='ltr'><em>ut</em></span> 
     </span>
     <span class='ocr_line' id='line_1_8' title="bbox 21 658 807 728; baseline 0.005 -21"><span class='ocrx_word' id='word_1_47' title='bbox 21 666 149 724; x_wconf 89' lang='lat' dir='ltr'><em>pparcot‚</em></span> <span class='ocrx_word' id='word_1_48' title='bbox 171 659 222 709; x_wconf 87' lang='lat' dir='ltr'><em>diis</em></span> <span class='ocrx_word' id='word_1_49' title='bbox 234 669 332 728; x_wconf 79' lang='lat' dir='ltr'><em>grates</em></span> <span class='ocrx_word' id='word_1_50' title='bbox 349 671 474 727; x_wconf 78' lang='lat' dir='ltr'><em>agentern</em></span> <span class='ocrx_word' id='word_1_51' title='bbox 487 659 678 724; x_wconf 78' lang='lat' dir='ltr'><em>imperatorem</em></span> <span class='ocrx_word' id='word_1_52' title='bbox 695 658 725 711; x_wconf 96' lang='lat' dir='ltr'><em>ob</em></span> <span class='ocrx_word' id='word_1_53' title='bbox 738 674 807 711; x_wconf 81' lang='lat' dir='ltr'><em>reru·</em></span> 
     </span>
     <span class='ocr_line' id='line_1_9' title="bbox 21 725 809 797; baseline 0.005 -21"><span class='ocrx_word' id='word_1_54' title='bbox 21 725 135 778; x_wconf 75' lang='lat' dir='ltr'><em>triticam</em></span> <span class='ocrx_word' id='word_1_55' title='bbox 147 726 322 797; x_wconf 84' lang='lat' dir='ltr'><em>benegestarn</em></span> <span class='ocrx_word' id='word_1_56' title='bbox 333 729 433 778; x_wconf 86' lang='lat' dir='ltr'><em>redire.</em></span> <span class='ocrx_word' id='word_1_57' title='bbox 472 725 570 779; x_wconf 83' lang='lat' dir='ltr'><em>Orrrrrcs</em></span> <span class='ocrx_word' id='word_1_58' title='bbox 587 729 650 780; x_wconf 88' lang='lat' dir='ltr'><em>illas</em></span> <span class='ocrx_word' id='word_1_59' title='bbox 671 728 809 791; x_wconf 69' lang='lat' dir='ltr'><em>uictimas,</em></span> 
     </span>
     <span class='ocr_line' id='line_1_10' title="bbox 21 795 807 864; baseline 0.005 -17"><span class='ocrx_word' id='word_1_60' title='bbox 21 812 69 849; x_wconf 86' lang='lat' dir='ltr'><em>uas</em></span> <span class='ocrx_word' id='word_1_61' title='bbox 86 799 267 850; x_wconf 82' lang='lat' dir='ltr'><em>traducendos</em></span> <span class='ocrx_word' id='word_1_62' title='bbox 283 798 312 848; x_wconf 92' lang='lat' dir='ltr'><em>in</em></span> <span class='ocrx_word' id='word_1_63' title='bbox 325 795 462 864; x_wconf 86' lang='lat' dir='ltr'><em>triumpbo</em></span> <span class='ocrx_word' id='word_1_64' title='bbox 477 795 639 859; x_wconf 78' lang='lat' dir='ltr'><em>vindicavit,</em></span> <span class='ocrx_word' id='word_1_65' title='bbox 662 799 731 849; x_wconf 90' lang='lat' dir='ltr'><em>olias</em></span> <span class='ocrx_word' id='word_1_66' title='bbox 751 799 807 851; x_wconf 88' lang='lat' dir='ltr'><em>alio</em></span> 
     </span>
     <span class='ocr_line' id='line_1_11' title="bbox 21 864 808 933; baseline 0.001 -15"><span class='ocrx_word' id='word_1_67' title='bbox 21 868 137 927; x_wconf 82' lang='lat' dir='ltr'><em>cedente,</em></span> <span class='ocrx_word' id='word_1_68' title='bbox 150 867 324 918; x_wconf 81' lang='lat' dir='ltr'><em>mactabitis?</em></span> <span class='ocrx_word' id='word_1_69' title='bbox 336 864 427 928; x_wconf 80' lang='lat' dir='ltr'><em>Quid?</em></span> <span class='ocrx_word' id='word_1_70' title='bbox 436 865 498 918; x_wconf 85' lang='lat' dir='ltr'><em>illas</em></span> <span class='ocrx_word' id='word_1_71' title='bbox 510 870 602 933; x_wconf 86' lang='lat' dir='ltr'><em>epulas</em></span> <span class='ocrx_word' id='word_1_72' title='bbox 614 876 808 933; x_wconf 61' lang='lat' dir='ltr'><em>sanctiloquos</em></span> 
     </span>
     <span class='ocr_line' id='line_1_12' title="bbox 22 934 809 1007; baseline 0 -19"><span class='ocrx_word' id='word_1_73' title='bbox 22 952 51 988; x_wconf 87' lang='lat' dir='ltr'><em>cc</em></span> <span class='ocrx_word' id='word_1_74' title='bbox 57 934 171 1001; x_wconf 80' lang='lat' dir='ltr'><em>privato</em></span> <span class='ocrx_word' id='word_1_75' title='bbox 183 937 248 999; x_wconf 91' lang='lat' dir='ltr'><em>loco,</em></span> <span class='ocrx_word' id='word_1_76' title='bbox 261 952 309 989; x_wconf 87' lang='lat' dir='ltr'><em>nec</em></span> <span class='ocrx_word' id='word_1_77' title='bbox 318 936 427 1001; x_wconf 87' lang='lat' dir='ltr'><em>publico</em></span> <span class='ocrx_word' id='word_1_78' title='bbox 434 936 566 1007; x_wconf 88' lang='lat' dir='ltr'><em>profano,</em></span> <span class='ocrx_word' id='word_1_79' title='bbox 577 939 624 988; x_wconf 88' lang='lat' dir='ltr'><em>sed</em></span> <span class='ocrx_word' id='word_1_80' title='bbox 633 936 662 989; x_wconf 86' lang='lat' dir='ltr'><em>in</em></span> <span class='ocrx_word' id='word_1_81' title='bbox 672 935 809 1006; x_wconf 80' lang='lat' dir='ltr'><em>Capitolio</em></span> 
     </span>
     <span class='ocr_line' id='line_1_13' title="bbox 21 1004 809 1072; baseline 0.001 -16"><span class='ocrx_word' id='word_1_82' title='bbox 21 1005 134 1068; x_wconf 83' lang='lat' dir='ltr'><em>duntur,</em></span> <span class='ocrx_word' id='word_1_83' title='bbox 157 1009 261 1067; x_wconf 84' lang='lat' dir='ltr'><em>&lt;utrum</em></span> <span class='ocrx_word' id='word_1_84' title='bbox 274 1004 408 1057; x_wconf 88' lang='lat' dir='ltr'><em>bominum</em></span> <span class='ocrx_word' id='word_1_85' title='bbox 420 1007 567 1072; x_wconf 81' lang='lat' dir='ltr'><em>ooltcptatis</em></span> <span class='ocrx_word' id='word_1_86' title='bbox 580 1022 678 1070; x_wconf 81' lang='lat' dir='ltr'><em>catoso,</em></span> <span class='ocrx_word' id='word_1_87' title='bbox 699 1025 735 1060; x_wconf 88' lang='lat' dir='ltr'><em>an</em></span> <span class='ocrx_word' id='word_1_88' title='bbox 751 1010 809 1058; x_wconf 89' lang='lat' dir='ltr'><em>deo·</em></span> 
     </span>
     <span class='ocr_line' id='line_1_14' title="bbox 21 1073 811 1141; baseline 0.003 -15"><span class='ocrx_word' id='word_1_89' title='bbox 21 1091 65 1126; x_wconf 89' lang='lat' dir='ltr'><em>um</em></span> <span class='ocrx_word' id='word_1_90' title='bbox 85 1073 306 1141; x_wconf 82' lang='lat' dir='ltr'><em>borreinutnquel)</em></span> <span class='ocrx_word' id='word_1_91' title='bbox 327 1086 439 1127; x_wconf 86' lang='lat' dir='ltr'><em>auctore</em></span> <span class='ocrx_word' id='word_1_92' title='bbox 462 1075 520 1126; x_wconf 81' lang='lat' dir='ltr'><em>Ser.</em></span> <span class='ocrx_word' id='word_1_93' title='bbox 546 1076 648 1138; x_wconf 83' lang='lat' dir='ltr'><em>Galba,</em></span> <span class='ocrx_word' id='word_1_94' title='bbox 668 1075 811 1128; x_wconf 85' lang='lat' dir='ltr'><em>turbaturi</em></span> 
     </span>
     <span class='ocr_line' id='line_1_15' title="bbox 21 1142 810 1210; baseline 0.004 -14"><span class='ocrx_word' id='word_1_95' title='bbox 21 1144 84 1196; x_wconf 80' lang='lat' dir='ltr'><em>stis?</em></span> <span class='ocrx_word' id='word_1_96' title='bbox 104 1143 138 1193; x_wconf 88' lang='lat' dir='ltr'><em>L.</em></span> <span class='ocrx_word' id='word_1_97' title='bbox 158 1142 254 1195; x_wconf 83' lang='lat' dir='ltr'><em>Paulli</em></span> <span class='ocrx_word' id='word_1_98' title='bbox 272 1144 410 1210; x_wconf 88' lang='lat' dir='ltr'><em>triumpbo</em></span> <span class='ocrx_word' id='word_1_99' title='bbox 426 1152 526 1210; x_wconf 87' lang='lat' dir='ltr'><em>portae</em></span> <span class='ocrx_word' id='word_1_100' title='bbox 548 1146 724 1197; x_wconf 76' lang='lat' dir='ltr'><em>claudentur?</em></span> <span class='ocrx_word' id='word_1_101' title='bbox 748 1145 810 1199; x_wconf 82' lang='lat' dir='ltr'><em>Rex</em></span> 
     </span>
     <span class='ocr_line' id='line_1_16' title="bbox 21 1213 811 1282; baseline 0.003 -17"><span class='ocrx_word' id='word_1_102' title='bbox 21 1213 180 1266; x_wconf 79' lang='lat' dir='ltr'><em>locationum</em></span> <span class='ocrx_word' id='word_1_103' title='bbox 189 1213 305 1266; x_wconf 83' lang='lat' dir='ltr'><em>Perseus</em></span> <span class='ocrx_word' id='word_1_104' title='bbox 317 1230 377 1265; x_wconf 87' lang='lat' dir='ltr'><em>cum</em></span> <span class='ocrx_word' id='word_1_105' title='bbox 387 1213 481 1265; x_wconf 84' lang='lat' dir='ltr'><em>liberis</em></span> <span class='ocrx_word' id='word_1_106' title='bbox 493 1222 519 1265; x_wconf 94' lang='lat' dir='ltr'><em>et</em></span> <span class='ocrx_word' id='word_1_107' title='bbox 531 1215 613 1266; x_wconf 89' lang='lat' dir='ltr'><em>turba</em></span> <span class='ocrx_word' id='word_1_108' title='bbox 623 1215 680 1267; x_wconf 88' lang='lat' dir='ltr'><em>alia</em></span> <span class='ocrx_word' id='word_1_109' title='bbox 692 1215 811 1282; x_wconf 85' lang='lat' dir='ltr'><em>captivo·</em></span> 
     </span>
     <span class='ocr_line' id='line_1_17' title="bbox 21 1281 811 1355; baseline -0.004 -16"><span class='ocrx_word' id='word_1_110' title='bbox 21 1300 72 1347; x_wconf 83' lang='lat' dir='ltr'><em>aot,</em></span> <span class='ocrx_word' id='word_1_111' title='bbox 89 1284 175 1352; x_wconf 85' lang='lat' dir='ltr'><em>spolia</em></span> <span class='ocrx_word' id='word_1_112' title='bbox 186 1282 379 1348; x_wconf 79' lang='lat' dir='ltr'><em>Macedonum,</em></span> <span class='ocrx_word' id='word_1_113' title='bbox 400 1284 472 1337; x_wconf 83' lang='lat' dir='ltr'><em>citra</em></span> <span class='ocrx_word' id='word_1_114' title='bbox 482 1281 591 1353; x_wconf 82' lang='lat' dir='ltr'><em>flumen</em></span> <span class='ocrx_word' id='word_1_115' title='bbox 606 1284 811 1355; x_wconf 74' lang='lat' dir='ltr'><em>relinquentur?</em></span> 
     </span>
     <span class='ocr_line' id='line_1_18' title="bbox 21 1353 811 1425; baseline 0.003 -18"><span class='ocrx_word' id='word_1_116' title='bbox 21 1354 38 1409; x_wconf 72' lang='lat' dir='ltr'><em>i.</em></span> <span class='ocrx_word' id='word_1_117' title='bbox 49 1353 165 1408; x_wconf 84' lang='lat' dir='ltr'><em>Paullus</em></span> <span class='ocrx_word' id='word_1_118' title='bbox 170 1355 316 1422; x_wconf 83' lang='lat' dir='ltr'><em>priuatus,</em></span> <span class='ocrx_word' id='word_1_119' title='bbox 332 1365 463 1425; x_wconf 88' lang='lat' dir='ltr'><em>tanquam</em></span> <span class='ocrx_word' id='word_1_120' title='bbox 476 1372 540 1407; x_wconf 86' lang='lat' dir='ltr'><em>rure</em></span> <span class='ocrx_word' id='word_1_121' title='bbox 551 1355 670 1420; x_wconf 87' lang='lat' dir='ltr'><em>rediens,</em></span> <span class='ocrx_word' id='word_1_122' title='bbox 691 1372 708 1407; x_wconf 89' lang='lat' dir='ltr'><em>a</em></span> <span class='ocrx_word' id='word_1_123' title='bbox 724 1364 811 1422; x_wconf 87' lang='lat' dir='ltr'><em>parta</em></span> 
     </span>
     <span class='ocr_line' id='line_1_19' title="bbox 21 1424 811 1494; baseline 0.003 -17"><span class='ocrx_word' id='word_1_124' title='bbox 21 1426 111 1477; x_wconf 82' lang='lat' dir='ltr'><em>&#39;omum</em></span> <span class='ocrx_word' id='word_1_125' title='bbox 120 1424 188 1477; x_wconf 82' lang='lat' dir='ltr'><em>ibit?</em></span> <span class='ocrx_word' id='word_1_126' title='bbox 208 1425 248 1477; x_wconf 86' lang='lat' dir='ltr'><em>Et</em></span> <span class='ocrx_word' id='word_1_127' title='bbox 259 1436 298 1488; x_wconf 92' lang='lat' dir='ltr'><em>tu,</em></span> <span class='ocrx_word' id='word_1_128' title='bbox 311 1425 443 1490; x_wconf 81' lang='lat' dir='ltr'><em>centurio,</em></span> <span class='ocrx_word' id='word_1_129' title='bbox 453 1426 537 1489; x_wconf 85' lang='lat' dir='ltr'><em>miles,</em></span> <span class='ocrx_word' id='word_1_130' title='bbox 548 1426 614 1494; x_wconf 85' lang='lat' dir='ltr'><em>quid</em></span> <span class='ocrx_word' id='word_1_131' title='bbox 625 1428 655 1479; x_wconf 85' lang='lat' dir='ltr'><em>tle</em></span> <span class='ocrx_word' id='word_1_132' title='bbox 666 1425 811 1493; x_wconf 86' lang='lat' dir='ltr'><em>imperato·</em></span> 
     </span>
     <span class='ocr_line' id='line_1_20' title="bbox 21 1493 811 1565; baseline 0.005 -19"><span class='ocrx_word' id='word_1_133' title='bbox 21 1493 142 1546; x_wconf 85' lang='lat' dir='ltr'><em>ePaullo</em></span> <span class='ocrx_word' id='word_1_134' title='bbox 154 1503 263 1545; x_wconf 82' lang='lat' dir='ltr'><em>senatos</em></span> <span class='ocrx_word' id='word_1_135' title='bbox 274 1496 390 1548; x_wconf 81' lang='lat' dir='ltr'><em>decrerit</em></span> <span class='ocrx_word' id='word_1_136' title='bbox 398 1497 500 1563; x_wconf 84' lang='lat' dir='ltr'><em>potins,</em></span> <span class='ocrx_word' id='word_1_137' title='bbox 511 1514 591 1564; x_wconf 88' lang='lat' dir='ltr'><em>quom</em></span> <span class='ocrx_word' id='word_1_138' title='bbox 602 1496 667 1565; x_wconf 90' lang='lat' dir='ltr'><em>quid</em></span> <span class='ocrx_word' id='word_1_139' title='bbox 678 1497 735 1548; x_wconf 81' lang='lat' dir='ltr'><em>Ser.</em></span> <span class='ocrx_word' id='word_1_140' title='bbox 745 1498 811 1550; x_wconf 80' lang='lat' dir='ltr'><em>Gol-</em></span> 
     </span>
     <span class='ocr_line' id='line_1_21' title="bbox 21 1564 811 1637; baseline 0.004 -22"><span class='ocrx_word' id='word_1_141' title='bbox 21 1581 38 1615; x_wconf 94' lang='lat' dir='ltr'><em>a</em></span> <span class='ocrx_word' id='word_1_142' title='bbox 51 1565 209 1637; x_wconf 75' lang='lat' dir='ltr'><em>fabuletur,</em></span> <span class='ocrx_word' id='word_1_143' title='bbox 229 1564 309 1615; x_wconf 90' lang='lat' dir='ltr'><em>audi:</em></span> <span class='ocrx_word' id='word_1_144' title='bbox 332 1565 420 1616; x_wconf 88' lang='lat' dir='ltr'><em>etboc</em></span> <span class='ocrx_word' id='word_1_145' title='bbox 437 1567 527 1617; x_wconf 83' lang='lat' dir='ltr'><em>dicere</em></span> <span class='ocrx_word' id='word_1_146' title='bbox 544 1584 585 1618; x_wconf 89' lang='lat' dir='ltr'><em>me</em></span> <span class='ocrx_word' id='word_1_147' title='bbox 603 1567 710 1633; x_wconf 89' lang='lat' dir='ltr'><em>potius,</em></span> <span class='ocrx_word' id='word_1_148' title='bbox 729 1582 811 1633; x_wconf 88' lang='lat' dir='ltr'><em>quam</em></span> 
     </span>
     <span class='ocr_line' id='line_1_22' title="bbox 21 1632 810 1702; baseline 0.001 -17"><span class='ocrx_word' id='word_1_149' title='bbox 21 1636 88 1696; x_wconf 82' lang='lat' dir='ltr'><em>llum,</em></span> <span class='ocrx_word' id='word_1_150' title='bbox 101 1635 177 1687; x_wconf 81' lang='lat' dir='ltr'><em>audi.</em></span> <span class='ocrx_word' id='word_1_151' title='bbox 191 1633 241 1686; x_wconf 80' lang='lat' dir='ltr'><em>ttte</em></span> <span class='ocrx_word' id='word_1_152' title='bbox 253 1632 330 1697; x_wconf 90' lang='lat' dir='ltr'><em>niltil,</em></span> <span class='ocrx_word' id='word_1_153' title='bbox 347 1643 544 1702; x_wconf 78' lang='lat' dir='ltr'><em>praeterquam</em></span> <span class='ocrx_word' id='word_1_154' title='bbox 554 1635 636 1701; x_wconf 88' lang='lat' dir='ltr'><em>loqui,</em></span> <span class='ocrx_word' id='word_1_155' title='bbox 647 1644 672 1685; x_wconf 88' lang='lat' dir='ltr'><em>et</em></span> <span class='ocrx_word' id='word_1_156' title='bbox 683 1635 714 1685; x_wconf 88' lang='lat' dir='ltr'><em>id</em></span> <span class='ocrx_word' id='word_1_157' title='bbox 723 1636 810 1701; x_wconf 89' lang='lat' dir='ltr'><em>ipsum</em></span> 
     </span>
     <span class='ocr_line' id='line_1_23' title="bbox 21 1702 811 1773; baseline -0.001 -17"><span class='ocrx_word' id='word_1_158' title='bbox 21 1705 132 1756; x_wconf 81' lang='lat' dir='ltr'><em>taledice</em></span> <span class='ocrx_word' id='word_1_159' title='bbox 152 1719 185 1756; x_wconf 92' lang='lat' dir='ltr'><em>ae</em></span> <span class='ocrx_word' id='word_1_160' title='bbox 205 1703 339 1773; x_wconf 85' lang='lat' dir='ltr'><em>maligne,</em></span> <span class='ocrx_word' id='word_1_161' title='bbox 361 1704 471 1756; x_wconf 84' lang='lat' dir='ltr'><em>didicit.-</em></span> <span class='ocrx_word' id='word_1_162' title='bbox 492 1720 541 1772; x_wconf 84' lang='lat' dir='ltr'><em>ego</em></span> <span class='ocrx_word' id='word_1_163' title='bbox 554 1713 596 1755; x_wconf 91' lang='lat' dir='ltr'><em>ter</em></span> <span class='ocrx_word' id='word_1_164' title='bbox 612 1712 640 1755; x_wconf 84' lang='lat' dir='ltr'><em>et</em></span> <span class='ocrx_word' id='word_1_165' title='bbox 654 1702 736 1755; x_wconf 82' lang='lat' dir='ltr'><em>vicies</em></span> <span class='ocrx_word' id='word_1_166' title='bbox 751 1721 811 1755; x_wconf 89' lang='lat' dir='ltr'><em>cum</em></span> 
     </span>
     <span class='ocr_line' id='line_1_24' title="bbox 23 1771 811 1843; baseline 0.001 -19"><span class='ocrx_word' id='word_1_167' title='bbox 23 1771 80 1825; x_wconf 86' lang='lat' dir='ltr'><em>oste</em></span> <span class='ocrx_word' id='word_1_168' title='bbox 96 1790 148 1842; x_wconf 92' lang='lat' dir='ltr'><em>per</em></span> <span class='ocrx_word' id='word_1_169' title='bbox 161 1773 382 1841; x_wconf 86' lang='lat' dir='ltr'><em>provocationem</em></span> <span class='ocrx_word' id='word_1_170' title='bbox 394 1775 534 1843; x_wconf 78' lang='lat' dir='ltr'><em>pergnovi:</em></span> <span class='ocrx_word' id='word_1_171' title='bbox 553 1791 586 1826; x_wconf 80' lang='lat' dir='ltr'><em>ec</em></span> <span class='ocrx_word' id='word_1_172' title='bbox 597 1773 729 1835; x_wconf 89' lang='lat' dir='ltr'><em>omnibus,</em></span> <span class='ocrx_word' id='word_1_173' title='bbox 750 1789 811 1825; x_wconf 87' lang='lat' dir='ltr'><em>cum</em></span> 
     </span>
     <span class='ocr_line' id='line_1_25' title="bbox 22 1842 810 1913; baseline 0.001 -19"><span class='ocrx_word' id='word_1_174' title='bbox 22 1842 98 1894; x_wconf 84' lang='lat' dir='ltr'><em>uibus</em></span> <span class='ocrx_word' id='word_1_175' title='bbox 111 1860 220 1896; x_wconf 88' lang='lat' dir='ltr'><em>manum</em></span> <span class='ocrx_word' id='word_1_176' title='bbox 231 1844 363 1907; x_wconf 88' lang='lat' dir='ltr'><em>conserui,</em></span> <span class='ocrx_word' id='word_1_177' title='bbox 382 1843 469 1911; x_wconf 87' lang='lat' dir='ltr'><em>spolia</em></span> <span class='ocrx_word' id='word_1_178' title='bbox 480 1843 577 1896; x_wconf 85' lang='lat' dir='ltr'><em>retuli:</em></span> <span class='ocrx_word' id='word_1_179' title='bbox 594 1843 701 1913; x_wconf 82' lang='lat' dir='ltr'><em>insigne</em></span> <span class='ocrx_word' id='word_1_180' title='bbox 713 1860 810 1910; x_wconf 90' lang='lat' dir='ltr'><em>corpas</em></span> 
     </span>
     <span class='ocr_line' id='line_1_26' title="bbox 23 1913 810 1982; baseline 0.001 -18"><span class='ocrx_word' id='word_1_181' title='bbox 23 1913 121 1967; x_wconf 86' lang='lat' dir='ltr'><em>onestis</em></span> <span class='ocrx_word' id='word_1_182' title='bbox 132 1914 320 1978; x_wconf 71' lang='lat' dir='ltr'><em>cicatricibus,</em></span> <span class='ocrx_word' id='word_1_183' title='bbox 340 1915 462 1968; x_wconf 88' lang='lat' dir='ltr'><em>omnibus</em></span> <span class='ocrx_word' id='word_1_184' title='bbox 477 1916 587 1979; x_wconf 82' lang='lat' dir='ltr'><em>adverso</em></span> <span class='ocrx_word' id='word_1_185' title='bbox 603 1930 714 1982; x_wconf 88' lang='lat' dir='ltr'><em>corpore</em></span> <span class='ocrx_word' id='word_1_186' title='bbox 735 1930 810 1967; x_wconf 85' lang='lat' dir='ltr'><em>exce·</em></span> 
     </span>
     <span class='ocr_line' id='line_1_27' title="bbox 25 1982 811 2052; baseline 0.001 -18"><span class='ocrx_word' id='word_1_187' title='bbox 25 1982 70 2046; x_wconf 84' lang='lat' dir='ltr'><em>tis,</em></span> <span class='ocrx_word' id='word_1_188' title='bbox 80 1983 171 2037; x_wconf 89' lang='lat' dir='ltr'><em>babeo.</em></span> <span class='ocrx_word' id='word_1_189' title='bbox 200 1985 327 2038; x_wconf 82' lang='lat' dir='ltr'><em>Nudasse</em></span> <span class='ocrx_word' id='word_1_190' title='bbox 339 1985 438 2037; x_wconf 84' lang='lat' dir='ltr'><em>deinde</em></span> <span class='ocrx_word' id='word_1_191' title='bbox 450 2001 480 2037; x_wconf 80' lang='lat' dir='ltr'><em>se</em></span> <span class='ocrx_word' id='word_1_192' title='bbox 491 1985 603 2047; x_wconf 88' lang='lat' dir='ltr'><em>dieitur,</em></span> <span class='ocrx_word' id='word_1_193' title='bbox 615 1990 652 2047; x_wconf 85' lang='lat' dir='ltr'><em>et,</em></span> <span class='ocrx_word' id='word_1_194' title='bbox 663 2000 717 2052; x_wconf 90' lang='lat' dir='ltr'><em>quo</em></span> <span class='ocrx_word' id='word_1_195' title='bbox 729 1999 811 2052; x_wconf 86' lang='lat' dir='ltr'><em>quae·</em></span> 
     </span>
     <span class='ocr_line' id='line_1_28' title="bbox 21 2054 810 2122; baseline 0.005 -20"><span class='ocrx_word' id='word_1_196' title='bbox 21 2054 144 2119; x_wconf 58' lang='lat' dir='ltr'><em>&gt;uebcllo</em></span> <span class='ocrx_word' id='word_1_197' title='bbox 161 2055 277 2108; x_wconf 80' lang='lat' dir='ltr'><em>vulnera</em></span> <span class='ocrx_word' id='word_1_198' title='bbox 290 2062 408 2122; x_wconf 82' lang='lat' dir='ltr'><em>accepta</em></span> <span class='ocrx_word' id='word_1_199' title='bbox 427 2063 534 2119; x_wconf 81' lang='lat' dir='ltr'><em>essent,</em></span> <span class='ocrx_word' id='word_1_200' title='bbox 555 2056 694 2107; x_wconf 83' lang='lat' dir='ltr'><em>retulisse.</em></span> <span class='ocrx_word' id='word_1_201' title='bbox 732 2055 810 2117; x_wconf 74' lang='lat' dir='ltr'><em>Qitas</em></span> 
     </span>
     <span class='ocr_line' id='line_1_29' title="bbox 21 2125 810 2196; baseline 0.005 -24"><span class='ocrx_word' id='word_1_202' title='bbox 21 2137 70 2172; x_wconf 66' lang='lat' dir='ltr'><em>,um</em></span> <span class='ocrx_word' id='word_1_203' title='bbox 83 2128 219 2185; x_wconf 82' lang='lat' dir='ltr'><em>ostentat,</em></span> <span class='ocrx_word' id='word_1_204' title='bbox 240 2125 484 2192; x_wconf 70' lang='lat' dir='ltr'><em>adapertionem,</em></span> <span class='ocrx_word' id='word_1_205' title='bbox 506 2142 576 2196; x_wconf 83' lang='lat' dir='ltr'><em>quas</em></span> <span class='ocrx_word' id='word_1_206' title='bbox 591 2127 810 2188; x_wconf 83' lang='lat' dir='ltr'><em>volandaerant,</em></span> 
     </span>
     <span class='ocr_line' id='line_1_30' title="bbox 21 2192 811 2260; baseline 0.006 -18"><span class='ocrx_word' id='word_1_207' title='bbox 21 2205 99 2242; x_wconf 84' lang='lat' dir='ltr'><em>umor</em></span> <span class='ocrx_word' id='word_1_208' title='bbox 108 2192 251 2259; x_wconf 87' lang='lat' dir='ltr'><em>inguinum</em></span> <span class='ocrx_word' id='word_1_209' title='bbox 261 2197 393 2260; x_wconf 82' lang='lat' dir='ltr'><em>proximis</em></span> <span class='ocrx_word' id='word_1_210' title='bbox 409 2198 497 2250; x_wconf 83' lang='lat' dir='ltr'><em>risum</em></span> <span class='ocrx_word' id='word_1_211' title='bbox 512 2197 607 2249; x_wconf 86' lang='lat' dir='ltr'><em>movit.</em></span> <span class='ocrx_word' id='word_1_212' title='bbox 644 2199 730 2260; x_wconf 88' lang='lat' dir='ltr'><em>Tum,</em></span> <span class='ocrx_word' id='word_1_213' title='bbox 749 2196 811 2248; x_wconf 89' lang='lat' dir='ltr'><em>Hoc</em></span> 
     </span>
     <span class='ocr_line' id='line_1_31' title="bbox 22 2264 812 2334; baseline 0.003 -20"><span class='ocrx_word' id='word_1_214' title='bbox 22 2278 121 2329; x_wconf 84' lang='lat' dir='ltr'><em>noque,</em></span> <span class='ocrx_word' id='word_1_215' title='bbox 144 2265 215 2331; x_wconf 90' lang='lat' dir='ltr'><em>quod</em></span> <span class='ocrx_word' id='word_1_216' title='bbox 223 2264 332 2328; x_wconf 84' lang='lat' dir='ltr'><em>ridetis,</em></span> <span class='ocrx_word' id='word_1_217' title='bbox 351 2266 456 2334; x_wconf 86' lang='lat' dir='ltr'><em>inquit,</em></span> <span class='ocrx_word' id='word_1_218' title='bbox 475 2269 505 2321; x_wconf 83' lang='lat' dir='ltr'><em>in</em></span> <span class='ocrx_word' id='word_1_219' title='bbox 515 2287 582 2333; x_wconf 82' lang='lat' dir='ltr'><em>equo</em></span> <span class='ocrx_word' id='word_1_220' title='bbox 596 2268 654 2316; x_wconf 85' lang='lat' dir='ltr'><em>dies</em></span> <span class='ocrx_word' id='word_1_221' title='bbox 669 2275 812 2332; x_wconf 88' lang='lat' dir='ltr'><em>noctesque</em></span> 
     </span>
     <span class='ocr_line' id='line_1_32' title="bbox 23 2333 812 2401; baseline 0 -17"><span class='ocrx_word' id='word_1_222' title='bbox 23 2333 165 2385; x_wconf 83' lang='lat' dir='ltr'><em>ersedendo</em></span> <span class='ocrx_word' id='word_1_223' title='bbox 178 2333 276 2385; x_wconf 88' lang='lat' dir='ltr'><em>babeo:</em></span> <span class='ocrx_word' id='word_1_224' title='bbox 297 2352 345 2383; x_wconf 80' lang='lat' dir='ltr'><em>nee</em></span> <span class='ocrx_word' id='word_1_225' title='bbox 355 2338 443 2401; x_wconf 78' lang='lat' dir='ltr'><em>arogis</em></span> <span class='ocrx_word' id='word_1_226' title='bbox 454 2353 494 2387; x_wconf 90' lang='lat' dir='ltr'><em>me</em></span> <span class='ocrx_word' id='word_1_227' title='bbox 513 2337 583 2396; x_wconf 89' lang='lat' dir='ltr'><em>eius,</em></span> <span class='ocrx_word' id='word_1_228' title='bbox 605 2350 686 2400; x_wconf 86' lang='lat' dir='ltr'><em>quarn</em></span> <span class='ocrx_word' id='word_1_229' title='bbox 701 2333 812 2386; x_wconf 88' lang='lat' dir='ltr'><em>cicatri-</em></span> 
     </span>
     <span class='ocr_line' id='line_1_33' title="bbox 21 2400 813 2470; baseline 0 -17"><span class='ocrx_word' id='word_1_230' title='bbox 21 2418 64 2453; x_wconf 85' lang='lat' dir='ltr'><em>urn</em></span> <span class='ocrx_word' id='word_1_231' title='bbox 74 2402 181 2463; x_wconf 87' lang='lat' dir='ltr'><em>barum,</em></span> <span class='ocrx_word' id='word_1_232' title='bbox 187 2403 273 2468; x_wconf 87' lang='lat' dir='ltr'><em>pudet</em></span> <span class='ocrx_word' id='word_1_233' title='bbox 280 2400 455 2470; x_wconf 78' lang='lat' dir='ltr'><em>poenitetque</em></span> <span class='ocrx_word' id='word_1_234' title='bbox 461 2421 472 2465; x_wconf 89' lang='lat'><em>,·</em></span> <span class='ocrx_word' id='word_1_235' title='bbox 484 2405 588 2470; x_wconf 90' lang='lat' dir='ltr'><em>quando</em></span> <span class='ocrx_word' id='word_1_236' title='bbox 598 2419 735 2469; x_wconf 85' lang='lat' dir='ltr'><em>nunquam</em></span> <span class='ocrx_word' id='word_1_237' title='bbox 746 2403 813 2456; x_wconf 83' lang='lat' dir='ltr'><em>rnilei</em></span> 
     </span>
     <span class='ocr_line' id='line_1_34' title="bbox 21 2471 822 2539; baseline -0.004 -18"><span class='ocrx_word' id='word_1_238' title='bbox 21 2471 193 2539; x_wconf 84' lang='lat' dir='ltr'><em>mpedimento</em></span> <span class='ocrx_word' id='word_1_239' title='bbox 214 2473 251 2523; x_wconf 88' lang='lat' dir='ltr'><em>od</em></span> <span class='ocrx_word' id='word_1_240' title='bbox 271 2471 462 2538; x_wconf 87' lang='lat' dir='ltr'><em>rerrrpublicorn</em></span> <span class='ocrx_word' id='word_1_241' title='bbox 484 2473 546 2526; x_wconf 86' lang='lat' dir='ltr'><em>bens</em></span> <span class='ocrx_word' id='word_1_242' title='bbox 564 2472 716 2538; x_wconf 81' lang='lat' dir='ltr'><em>gerendam</em></span> <span class='ocrx_word' id='word_1_243' title='bbox 741 2473 822 2520; x_wconf 52' lang='grc' dir='ltr'><em>(ζωή</em></span> 
     </span>
     <span class='ocr_line' id='line_1_35' title="bbox 22 2540 865 2625; baseline -0.023 -33"><span class='ocrx_word' id='word_1_244' title='bbox 22 2540 172 2609; x_wconf 81' lang='lat' dir='ltr'><em>tilitioeque</em></span> <span class='ocrx_word' id='word_1_245' title='bbox 182 2541 256 2624; x_wconf 70' lang='lat' dir='ltr'><em>ficit.</em></span> <span class='ocrx_word' id='word_1_246' title='bbox 291 2541 355 2612; x_wconf 80' lang='lat' dir='ltr'><em>Ego</em></span> <span class='ocrx_word' id='word_1_247' title='bbox 367 2540 417 2595; x_wconf 84' lang='lat' dir='ltr'><em>boc</em></span> <span class='ocrx_word' id='word_1_248' title='bbox 434 2542 518 2615; x_wconf 72' lang='lat' dir='ltr'><em>festo</em></span> <span class='ocrx_word' id='word_1_249' title='bbox 529 2545 767 2607; x_wconf 58' lang='lat' dir='ltr'><em>suspensissimum</em></span> <span class='ocrx_word' id='word_1_250' title='bbox 782 2545 865 2625; x_wconf 37' lang='lat' dir='ltr'><em>tux-x.</em></span> 
     </span>
     <span class='ocr_line' id='line_1_36' title="bbox 21 2591 865 2696; baseline -0.015 -37"><span class='ocrx_word' id='word_1_251' title='bbox 21 2626 52 2660; x_wconf 86' lang='lat' dir='ltr'><em>us</em></span> <span class='ocrx_word' id='word_1_252' title='bbox 61 2620 136 2662; x_wconf 83' lang='lat' dir='ltr'><em>aetus</em></span> <span class='ocrx_word' id='word_1_253' title='bbox 146 2615 224 2664; x_wconf 81' lang='lat' dir='ltr'><em>males</em></span> <span class='ocrx_word' id='word_1_254' title='bbox 235 2613 464 2668; x_wconf 86' lang='lat' dir='ltr'><em>adolescentibus</em></span> <span class='ocrx_word' id='word_1_255' title='bbox 475 2609 623 2664; x_wconf 72' lang='lat' dir='ltr'><em>militibus</em></span> <span class='ocrx_word' id='word_1_256' title='bbox 639 2597 785 2668; x_wconf 38' lang='lat' dir='ltr'><em>ostendit·</em></span> <span class='ocrx_word' id='word_1_257' title='bbox 795 2591 865 2696; x_wconf 39' lang='lat' dir='ltr'><em>{tu</em></span> 
     </span>
     <span class='ocr_line' id='line_1_37' title="bbox 21 2669 796 2756; baseline -0.006 -25"><span class='ocrx_word' id='word_1_258' title='bbox 21 2678 125 2734; x_wconf 58' lang='lat' dir='ltr'><em>carleno</em></span> <span class='ocrx_word' id='word_1_259' title='bbox 135 2692 166 2736; x_wconf 84' lang='lat' dir='ltr'><em>et</em></span> <span class='ocrx_word' id='word_1_260' title='bbox 178 2683 331 2756; x_wconf 80' lang='lat' dir='ltr'><em>integrum</em></span> <span class='ocrx_word' id='word_1_261' title='bbox 344 2687 491 2741; x_wconf 82' lang='lat' dir='ltr'><em>denudet.</em></span> <span class='ocrx_word' id='word_1_262' title='bbox 530 2676 705 2731; x_wconf 64' lang='lat' dir='ltr'><em>noscente.</em></span> <span class='ocrx_word' id='word_1_263' title='bbox 723 2669 796 2706; x_wconf 46' lang='lat' dir='ltr'><em>*W*</em></span> 
     </span>
    </p>
   </div>
   <div class='ocr_carea' id='block_1_4' title="bbox 0 0 937 2994">
    <p class='ocr_par' dir='ltr' id='par_1_4' title="bbox 0 0 937 2994">
     <span class='ocr_line' id='line_1_38' title="bbox 0 0 937 2994; baseline 0 0"><span class='ocrx_word' id='word_1_264' title='bbox 0 0 937 2994; x_wconf 95' lang='lat' dir='ltr'><em> </em></span> 
     </span>
    </p>
   </div>
  </div>
 </body>
</html>
