1860 2994
79 135 128 188 iiiS
226 136 259 188 Τ.
280 133 387 186 LlVH
407 133 448 200 [U.
461 133 490 183 C.
503 134 561 187 580.
574 132 607 184 A.
619 132 649 182 C·
664 132 730 199 172]

77 237 404 294 senlesleonors'sdeorum
419 238 539 307 primum
560 254 656 301 caasa,
676 236 770 288 deinde
790 245 818 288 et
838 239 883 289 eni

78 310 168 377 aliquo
181 315 419 375 tamenrespectu,
439 309 620 360 decernerent.
656 306 751 359 Nihilo
766 307 883 359 leniori-

78 379 137 440 bus,
148 391 231 445 quam
241 377 340 428 absens
346 414 355 441 ,
365 383 526 430 senatorum
537 377 645 443 aliquot
656 377 830 428 orationibus
842 377 882 428 in·

78 447 214 514 crepitus,
235 452 337 499 neutra
346 447 497 514 impetrata
508 452 561 508 re,¹
570 445 600 495 in
611 446 783 513 provinciam
799 446 882 498 redit.

77 517 154 569 Alter
165 517 262 571 consul
271 515 444 580 Postumius,
464 520 628 581 consumpta
638 520 747 568 aestate
762 518 792 567 in
804 530 883 567 reco-

78 585 243 653 gnoscendis
254 586 340 653 agris,
359 602 394 639 ne
405 586 467 638 visa
477 585 587 653 quidem
596 586 741 651 provincia
750 600 816 648 sua,
838 600 883 637 co·

77 656 220 708 mitiorum
241 671 325 709 conso
335 656 453 708 Romam
472 655 569 707 rediit.-
603 655 736 707 Consules
748 654 883 722 G.Popil·

77 726 143 776 lium
157 724 326 789 Laenatem,
344 724 375 778 P.
385 726 492 779 Aelium
504 725 638 793 Ligurem
651 725 765 777 creavit.
800 723 883 777 Prae·

77 804 153 847 toros
174 795 276 847 exinde
295 795 365 847 facti
385 797 415 849 C.
436 795 562 849 Licinius
583 797 714 858 crassus,
734 794 882 845 M.1unins

78 865 194 926 Pennus,
214 864 260 932 Sp.
272 865 429 931 Lucretius,
449 864 496 934 Sp.
507 864 630 929 Cluvius,
652 867 701 917 Gn.
714 862 842 928 Sicinius,
851 865 882 915 G.

77 936 226 988 Memmius
235 936 348 987 iterum.
382 934 385 939 '

131 1005 163 1056 X.
193 1007 235 1057 Eo
255 1019 327 1057 anno
347 1005 467 1057 lustrum
487 1002 629 1056 eonditum
649 1008 701 1056 est.
747 1004 883 1056 censores

78 1079 159 1126 erant
169 1074 202 1137 0,
215 1074 331 1127 Fulvius
342 1075 469 1136 Flaccus,
478 1075 510 1127 Α.
520 1072 679 1126 Postumius
689 1074 812 1137 Albinus,
831 1073 883 1125 Po·

78 1144 197 1196 stumius
209 1144 344 1198 condidit.
379 1145 470 1197 consa
490 1149 556 1195 sunt
576 1145 679 1196 civium
694 1144 883 1210 Romanorum

80 1214 175 1281 capita
183 1214 306 1268 ducenta
314 1216 465 1280 sexaginta
475 1227 574 1265 novem
584 1209 883 1280 milliaetquindecim.

77 1283 174 1336 Minor
185 1285 330 1353 aliquanto
341 1298 479 1345 numerus,
491 1283 559 1348 quia
568 1282 602 1335 L.
613 1282 774 1335 Postumius
786 1283 884 1334 consul

78 1368 129 1421 pro
142 1354 274 1405 concione
284 1352 425 1415 edixerat,
436 1353 484 1418 qni
495 1353 602 1403 socium
611 1352 710 1405 Latini
718 1352 838 1407 nominis
849 1365 884 1404 ex

78 1422 171 1475 edicto
193 1424 222 1473 c.
234 1422 345 1472 claudii
365 1421 488 1472 consulis
507 1422 599 1475 redire
617 1421 647 1473 in
668 1423 798 1476 civitates
819 1437 883 1474 suas

79 1491 254 1552 debuissent,
275 1491 382 1556 nequis
393 1504 490 1543 eorum
501 1492 619 1554 Romae,
640 1497 669 1544 et
680 1509 775 1545 omnes
786 1493 815 1543 in
826 1492 884 1543 suis

79 1560 238 1612 civitatibus
248 1565 436 1615 censerentur.
469 1563 591 1615 concors
602 1567 632 1615 et
642 1578 657 1614 e
668 1564 814 1630 republica
824 1577 884 1614 cen·

79 1646 144 1681 sura
154 1628 217 1683 fnit.
254 1631 365 1695 Omnes,
376 1647 446 1699 quos
456 1638 556 1684 senatu
566 1640 720 1696 moverunt,
732 1633 885 1700 quibusque

79 1716 165 1767 equos
176 1702 349 1765 ademerunt,
370 1704 494 1754 aerarios
506 1703 647 1766 fecerunt,
669 1710 696 1755 et
708 1703 782 1754 tribu
793 1717 885 1753 move·

79 1778 156 1822 runt:
177 1787 265 1840 neque
277 1773 311 1824 ab
322 1773 413 1825 altero
424 1779 552 1824 notatum
562 1773 634 1823 alter
645 1771 783 1836 probavit.
819 1770 885 1821 Ful·

77 1842 139 1891 vius
151 1843 248 1895 aedem
259 1841 400 1893 Fortunae
410 1842 570 1908 Equestris,
591 1848 672 1905 quam
688 1839 839 1902 proconsul
854 1839 885 1888 in

77 1911 229 1975 Hispania,
252 1911 388 1962 dimicans
410 1925 472 1963 cum
490 1909 694 1960 Celtiberorum
715 1904 885 1970 legionibus,

77 1985 201 2039 voverat,
212 1992 299 2029 annos
310 1994 360 2030 sex
369 1983 443 2046 post,
456 1991 538 2042 quam
547 1980 672 2037 voverat,
684 1973 840 2026 dedicavit:
854 1982 885 2028 et

78 2047 202 2098 scenicos
212 2046 296 2096 ludos
307 2061 357 2112 per
368 2046 564 2115 quatriduum,
584 2059 668 2095 unum
681 2044 754 2096 diem
765 2043 795 2094 in
807 2044 885 2098 circu

78 2118 151 2168 fecit.
187 2115 221 2166 L.
233 2115 377 2167 Cornelius
397 2115 548 2176 Lentulus,
571 2114 711 2166 decemvir
731 2129 883 2179 sacrorum,

77 2201 111 2237 eo
122 2199 193 2235 anno
207 2189 333 2235 mortuus
344 2191 396 2237 est.
432 2186 464 2237 ln
475 2184 568 2235 locum
579 2184 639 2236 cius
649 2182 783 2236 suffectus
794 2184 883 2236 nro-

76 2254 196 2304 stumius
206 2253 331 2306 Albinus.
366 2256 550 2307 Locustarum
566 2259 663 2306 tantae
679 2255 765 2306 nubes
780 2269 797 2305 u
810 2254 884 2306 mari

76 2329 158 2375 vento
172 2327 287 2389 repente
294 2324 324 2375 in
333 2325 461 2392 Apuliam
470 2324 570 2376 illatae
581 2330 654 2387 sunt,
665 2330 697 2376 ut
709 2324 882 2376 examinibus

76 2394 134 2445 suis
146 2408 230 2461 agros
240 2393 297 2445 late
308 2395 459 2462 operirent.
494 2393 631 2462 nuquam
652 2400 758 2461 pestem
772 2393 882 2462 frugum

76 2463 231 2516 tollendam
244 2464 292 2515 Cn.
303 2464 427 2517 Sicinius
439 2469 552 2531 praetor
561 2464 738 2532 designatus,
760 2479 822 2514 cum
832 2464 883 2516 im·

76 2535 156 2601 perio
168 2534 198 2585 in
209 2533 338 2599 Apnliam
348 2535 462 2597 missus,
484 2533 592 2599 ingenti
611 2534 721 2603 agmine
740 2532 883 2585 hominum

68 2603 299 2677 adcollr'gendas
309 2620 357 2659 eas
368 2611 482 2669 coacto,
502 2604 675 2672 aliquantum
684 2602 821 2668 temporis
837 2602 884 2655 ab·

49 2675 184 2736 sumpsit
226 2673 407 2749 Principium
419 2675 603 2749 insequentis
612 2673 690 2739 aum,
697 2686 754 2740 quo
762 2669 895 2735 mlequ-
