1860 2994
17 39 53 157 1
113 112 190 165 Lra.
201 110 298 166 XMV.
312 114 384 166 Cir.
395 112 541 182 29.30.[Π
550 114 578 171 C.
589 113 796 184 mandros]
816 117 866 170 28²

10 211 25 299 ‚¹-
66 224 137 275 duos
148 222 253 275 amicos
264 223 340 285 eius,
356 223 493 274 Ettritum
510 229 538 273 et
549 221 717 288 Epicadum,
736 225 870 290 impigros

10 314 23 363 5
69 294 154 356 viros,
163 308 217 360 quo
228 293 315 344 tutius
325 298 465 359 regnaret.
500 291 873 354 Famaiuit,llonunillar·

10 400 22 434 Ι
67 362 203 414 danorum
219 362 351 429 principis
367 362 452 412 filiam
469 362 584 412 Etutam
603 369 685 430 pacto
704 361 788 413 fratri
809 378 871 414 eum

10 470 22 523 3
67 431 217 495 invidisse,
238 438 371 498 tanquam
383 430 426 481 his
438 432 542 498 nuptiis
557 431 718 498 adiungenti
736 434 791 484 sibi
801 433 872 483 Dar·

10 538 23 574 3
68 500 201 553 danorum
213 507 338 569 gentem:
360 506 388 552 et
397 501 569 552 simillimum
579 501 609 552 id
620 516 687 552 vero
702 501 771 552 fecit
787 501 872 553 ducta

10 604 23 645 ι
68 569 489 639 ωνίτςο,ΡΙαὶοτοίιηοι·ϊοοῐο.
526 568 871 637 Gravisdeinde,dempto

10 680 23 723 Ι
68 638 165 692 staltis
174 645 258 703 metu,
276 640 460 707 popularibus
471 655 533 692 esse
543 641 649 706 coepitr
670 646 698 693 et
708 640 874 693 violentiam

10 726 30 799 ,ζ
67 708 180 762 insitam
191 710 305 779 ingenio
314 713 528 776 intemperantia
538 710 597 760 rini
611 711 787 762 accendebat.
824 711 874 763 Ce-

68 780 328 842 terum‚sicutante
340 779 511 840 dictumest,
526 777 563 830 ad
576 780 727 830 Romanum
739 780 874 831 incitatus

10 868 21 925 Ι*
67 846 182 910 bellum,
191 848 303 899 Lissum
316 862 411 897 omnes
424 848 519 913 copias
531 847 680 899 contraxit.
708 848 872 911 Quindecim

10 928 20 1004 p
67 916 159 968 millia
169 922 340 967 armatorum
353 916 472 967 fuerunt.
500 916 575 978 lude,
587 914 674 968 fratre
685 917 714 968 in
725 919 872 969 Caviorum

10 1022 13 1053 ,
66 993 191 1056 gentem,
201 986 232 1034 ri
242 990 291 1036 aut
302 990 411 1036 terrore
420 985 616 1053 subigendam,
636 1002 698 1037 cum
710 987 873 1054 millepedia

66 1056 144 1107 tibus
156 1059 186 1106 et
196 1053 398 1122 quinquaginta
408 1054 550 1120 equitibus
562 1054 661 1118 misso,
680 1055 742 1122 ipse
759 1055 794 1107 ad
806 1058 874 1108 Bas·

66 1125 176 1178 suniam
186 1125 284 1175 urbem
295 1123 520 1193 quinquemillia
531 1122 566 1174 ab
577 1123 658 1175 Lisso
678 1123 763 1175 ducit.
799 1123 875 1176 Socii

10 1224 18 1229 -
67 1194 358 1248 erautRomanorum.
394 1193 491 1260 ltaque
508 1206 559 1260 per
575 1192 745 1260 praemissos
762 1193 876 1244 nuntios

67 1263 146 1332 prius
162 1265 282 1328 tentati,
303 1261 478 1316 obsidionem
495 1265 567 1330 pati,
589 1277 672 1330 quam
689 1261 791 1314 dedere
805 1277 876 1325 sese,

67 1333 236 1387 maluerunt.
273 1335 467 1386 Caravantium
487 1333 517 1384 in
533 1333 626 1387 Gaviis
640 1333 777 1387 Durnium
799 1332 877 1400 oppi-

68 1400 136 1455 dum
156 1402 349 1456 advenientem
368 1404 489 1473 benigne
509 1405 632 1470 accepite
653 1403 815 1455 Caravantis
836 1401 876 1454 al·

66 1480 132 1525 tera
150 1473 216 1524 urbs
237 1474 368 1525 exclusit:
396 1480 439 1535 et,
460 1489 543 1541 quum
562 1489 646 1542 agros
667 1489 764 1526 eorum
787 1471 877 1525 effuse

10 1540 14 1589 i
66 1546 207 1604 restaret,
228 1542 337 1610 aliquot
347 1543 436 1611 palati
447 1543 553 1596 milites
568 1547 720 1611 agrestium
736 1557 876 1595 concursu

66 1607 210 1663 interfecti
220 1619 292 1662 sunt.
328 1613 387 1663 lam
408 1612 495 1677 etdp.
506 1613 653 1674 Claudius,
673 1612 822 1677 assumptis
838 1610 874 1663 ad

34 1682 40 1688 ’
68 1695 133 1734 eum
144 1684 307 1743 exercitum,
319 1696 400 1747 quem
410 1679 542 1742 habebat,
552 1681 743 1741 Bullinorum,
755 1686 784 1731 et
793 1680 876 1745 Apol·

50 1749 218 1831 Jonprtium
230 1756 259 1801 et
269 1748 529 1817 Dyrrhachinorum
539 1749 666 1812 auxiliis,
686 1749 829 1815 proiectus
840 1761 876 1801 ex

47 1832 50 1837 '
65 1818 200 1881 hibernis,
222 1819 296 1871 circa
307 1819 448 1871 Genusum
459 1834 566 1871 amnem
578 1825 673 1870 castra
682 1817 817 1881 habebat;
829 1831 878 1868 arr·

67 1888 130 1941 dito
141 1886 255 1941 foedere
265 1889 339 1940 inter
349 1889 452 1941 Persea
463 1894 492 1940 et
501 1887 648 1950 Gentium,
669 1892 698 1938 et
717 1889 877 1954 legatorum

65 1957 237 2011 violatorum
247 1959 352 2010 iniuria
362 1973 510 2019 accensus,
532 1957 637 2009 bellum
649 1955 817 2008 hauddubie
829 1954 878 2009 ad-

66 2041 165 2081 vorsus
176 2044 237 2079 eum
247 2036 387 2095 gesturus.
424 2028 535 2080 Anicius
546 2033 677 2094 praetor,
699 2042 731 2079 eo
749 2034 876 2094 temporo

66 2096 234 2165 Apolloniae
245 2098 359 2161 auditis,
368 2114 439 2166 quae
450 2097 478 2149 in
489 2097 604 2164 illyrico
610 2102 788 2218 gererentur,
796 2112 877 2165 prae·

67 2166 218 2232 missisque
229 2167 263 2216 ad
273 2169 391 2235 Appium
404 2166 540 2229 literis,ut
551 2183 581 2218 se
592 2183 609 2218 a
639 2166 780 2219 Genusum
793 2181 876 2234 oppe-

65 2237 180 2297 riretur,
192 2235 285 2285 triduo
297 2244 325 2303 eg
336 2238 394 2304 ipse
405 2241 433 2288 in
445 2244 537 2289 castra
551 2238 640 2289 venitr
663 2243 691 2289 et
702 2237 737 2289 ad
749 2255 791 2299 ea,
803 2252 875 2302 quae

66 2304 196 2366 habebat,
205 2305 511 2358 auxiliaparthinorum
523 2308 625 2359 iunctis
636 2306 873 2359 duobusmillibus

66 2375 192 2444 peditum
204 2381 233 2427 et
245 2377 382 2443 equitibus
399 2376 540 2439 ducentis,
560 2378 712 2443 (peditibus
726 2375 873 2442 Epicadus,

67 2446 206 2514 equitibus
217 2446 350 2512 Algalsus
363 2450 504 2513 praeerat)
518 2447 635 2514 parabat
651 2446 751 2496 ducere
766 2444 794 2494 in
806 2443 872 2509 llly-

64 2516 168 2577 ricum,
197 2518 317 2569 maxime
337 2524 369 2567 ut
387 2516 553 2567 Bassanitas
572 2518 694 2569 solveret
716 2512 878 2585 obsidione.

65 2587 170 2639 Tenuit
191 2585 322 2652 impetum
343 2587 403 2640 eius
424 2585 503 2639 fama
521 2586 688 2640 lemannum
709 2581 902 2628 naamam

63 2650 231 2707 maiitimam
245 2671 334 2712 oram.
374 2659 542 2734 Octoginta
553 2662 644 2713 erant
653 2646 772 2707 lemur,
787 2642 923 2688 adenona
