1860 2994
128 125 162 178 dl
277 128 310 177 Τ,
331 125 437 176 LlVlI
457 125 498 191 [U.
512 124 540 174 C.
553 128 611 193 570.
623 123 657 176 A.
668 123 698 174 C·
714 123 782 194 ida]

131 227 307 288 habitandas,
327 228 426 279 fidiora
436 228 504 277 haec
514 243 616 294 genera
627 228 770 279 hominum
781 228 842 280 fore
854 236 918 281 ratu

132 300 159 348 in
174 299 297 347 Romano
317 297 402 349 bello.
439 299 580 362 mgentem
598 312 632 348 ea
652 313 697 349 res
712 297 855 349 fremitum
871 305 925 350 tet

133 365 298 418 Macedonia
309 364 389 429 fecit3
412 366 654 432 relinquentesque
669 372 784 432 penates
795 383 861 419 suos
872 383 907 419 eu
923 390 926 413 ι

132 435 296 501 coniugibus
311 450 344 486 ac
360 436 457 488 liberis
474 436 556 501 pauci
571 437 687 487 tacitum
702 436 829 487 dolorem
846 438 926 489 conti

132 505 246 567 nebant3
268 506 528 572 exsecrationesque
548 507 577 555 in
588 505 745 572 agminibus
757 508 924 570 proficiscen

26 608 32 631 ,
131 577 200 624 tium
210 574 238 622 in
249 589 352 640 regem,
367 577 493 625 vincente
504 574 568 626 odio
582 581 693 637 metum,
704 575 928 629 exaudiebantur

27 652 32 671 ²
132 644 183 694 His
199 642 280 694 ferox
297 645 403 694 animus
419 658 514 695 onnnes
526 642 665 706 homines,
688 645 782 694 omnia
793 644 858 698 loca
868 651 916 698 teo

133 728 255 779 peraque
266 720 395 781 suspecta
406 713 535 765 habebat.
565 713 711 765 Postremo
722 729 826 781 negare
836 729 926 782 propa

28 830 32 849 Ι
132 782 301 848 lamcoepit,
312 784 381 835 satis
393 790 484 835 tutum
496 783 550 834 sibi
562 784 788 850 quiequamesse‚
800 782 924 838 nisilibc

28 904 31 911 ,
133 866 179 902 ros
192 866 301 915 eortius,
317 867 386 919 quos
397 851 599 916 interfecisset,
623 851 925 921 comprehensosincu

29 982 33 991 Ι
133 921 228 972 stedia
238 919 369 985 haberet,
382 929 410 974 et
420 929 547 989 tempore
557 923 643 973 alium
656 924 713 974 allo
724 922 848 975 tolleret.

31 1054 34 1061 Ι
183 990 231 1042 lV.
243 992 311 1042 Eam
323 992 533 1055 crudelitatem,
544 992 655 1044 foedam
666 1008 716 1059 per
727 1008 771 1055 ne,
782 992 908 1046 foediore
917 1016 927 1037 i:

133 1059 214 1110 unius
231 1059 330 1113 domus
352 1062 445 1114 clades
463 1062 540 1115 feeit.
576 1063 762 1126 Herodicum,
782 1063 919 1129 principe*

32 1152 36 1175 :
134 1127 345 1194 Thessalorum,
366 1133 461 1183 multis
473 1138 537 1184 ante
554 1133 634 1184 annis
645 1133 801 1185 occiderat:
819 1145 930 1199 genero

135 1213 243 1266 quoque
256 1202 315 1253 eius
326 1209 425 1267 postea
439 1201 588 1254 interfecit.
625 1203 656 1252 ln
671 1202 807 1253 viduitate
821 1202 930 1253 relicta

135 1267 218 1330 filiae,
229 1271 357 1337 singulos
370 1271 444 1321 lilios
455 1286 556 1337 parvos
567 1268 710 1323 habentes.
747 1269 900 1323 Theoxena
910 1285 925 1322 e

35 1342 39 1351 '
135 1336 222 1394 Ancho
234 1340 347 1390 nomina
361 1340 523 1391 mulieribus
535 1345 621 1393 erant.
658 1341 823 1403 Theoxena,
842 1339 922 1391 mult'

37 1436 40 1453 2
135 1407 306 1473 petentibus,
331 1415 480 1474 aspernata
504 1413 615 1474 nuptias
639 1416 690 1462 est.
732 1409 822 1463 Archo
843 1407 929 1460 Porid

38 1482 43 1527 ἴ
135 1476 254 1538 cuidam,
273 1476 355 1542 longe
367 1477 485 1546 principi
496 1480 589 1547 gentis
601 1483 762 1543 Aeneatum,
775 1479 881 1546 nupsit3
901 1494 930 1530 e¹

38 1604 43 1613 ,
134 1546 207 1611 apud
219 1561 280 1596 eum
293 1545 386 1612 plures
398 1547 474 1600 enisa
486 1556 591 1615 partus,
610 1551 703 1617 parvis
715 1549 863 1601 admodum
875 1547 929 1600 reli

135 1615 187 1666 ctis
198 1616 334 1679 omnibus,
355 1616 483 1670 decessit.
519 1618 685 1682 Theoxena,
702 1621 772 1670 utin
783 1619 839 1670 suis
850 1616 927 1669 mani

134 1687 185 1736 bns
206 1686 289 1738 libori
310 1687 414 1745 sororis
436 1687 634 1752 educarentur,
654 1688 747 1741 Poridi
768 1688 873 1753 nupsit:
899 1702 916 1739 e

135 1761 266 1823 tanquam
285 1771 380 1811 omnes
396 1759 459 1824 ipsa
475 1760 554 1811 enisa
570 1759 659 1819 foret,
680 1773 759 1807 sunm
777 1756 924 1824 sororisqu'

42 1862 45 1869 .
135 1825 208 1877 lilios
226 1827 255 1877 in
270 1827 367 1879 eadem
383 1825 502 1879 habebnt
519 1843 594 1879 eura.
629 1825 780 1888 Postquam
795 1826 870 1887 regis
882 1825 929 1877 edi

43 1918 45 1923 v
135 1900 210 1944 otum
225 1894 259 1944 de
275 1894 540 1960 comprehendendis
557 1894 653 1946 liberis
665 1906 774 1951 eorum,
796 1891 929 1958 quiinter

0 1963 1 1970 ’
134 1962 202 2013 fecti
213 1968 314 2023 essent,
332 1963 451 2028 accepit3
470 1964 591 2015 ludibrio
603 1962 719 2023 futuros,
731 1977 785 2011 non
795 1962 870 2028 regis
882 1979 928 2016 mo

135 2113 193 2150 cem
206 2100 327 2150 animum
339 2101 455 2166 adiecit3
474 2116 597 2169 ausaque
608 2107 651 2155 est
662 2102 763 2165 dicere,
779 2117 809 2153 se
821 2117 872 2153 sua
882 2118 929 2155 ma

16 2215 17 2238 ξ
134 2184 171 2218 nn
186 2169 276 2236 potius
288 2185 384 2221 omnes
394 2171 614 2233 interfecturam,
637 2187 718 2239 quam
730 2173 760 2223 in
770 2177 930 2237 potestaten

17 2249 18 2252 ’
45 2280 48 2285 .
135 2235 255 2303 Philippi
274 2240 409 2291 venirent.
444 2241 539 2302 Poris,
567 2242 744 2292 abominatus
765 2239 909 2293 mentione

135 2313 191 2357 tam
210 2307 288 2359 foedi
304 2308 451 2373 facinoris,
471 2309 592 2363 Athenas
613 2311 822 2378 deportaturum
842 2325 930 2362 ensa

47 2396 50 2403 ·
135 2376 204 2427 lidos
221 2375 344 2444 hospites
356 2380 439 2442 dixit,
460 2381 645 2446 comitemque
663 2379 750 2448 ipsum
767 2380 851 2448 fugae
862 2378 926 2431 futu

134 2462 195 2497 rum
213 2461 283 2499 esse.
319 2448 537 2502 Proficiscuntur
552 2451 586 2503 ab
603 2449 803 2503 Thessalonica
816 2451 900 2503 hene

134 2517 168 2568 ad
185 2522 288 2568 statum
303 2518 483 2582 sacrificinm,
504 2520 578 2586 quod
600 2520 738 2571 conditori
753 2522 861 2571 Aeneae
874 2533 909 2570 eu

127 2603 231 2650 magna
252 2588 423 2640 caerimonia
444 2589 592 2657 quotannis
613 2588 729 2640 iaciunt.
765 2589 806 2638 lbi
826 2588 871 2640 die
887 2603 922 2655 pe

110 2651 261 2707 sollennes
274 2659 376 2723 epulas
387 2668 575 2730 consumpto,
596 2675 699 2714 narem
714 2662 913 2726 praeparatam
