1860 2994
5 140 7 145 '
101 137 175 190 an.
187 136 269 190 XLI.
281 140 354 192 Gne.
364 137 409 192 25.
420 139 463 192 26.
479 138 779 214 [U.C.578.A.C.174.]
803 140 853 196 155

48 243 260 296 multitudinem
266 243 436 310 Eupolemus
449 243 636 295 etiamobvius
646 243 764 305 exierat,
772 259 855 310 quum

49 312 219 365 salutatione
230 313 350 380 benigna
361 313 469 379 excepti
475 318 576 374 essent,
583 312 751 379 dextraeque
762 313 855 377 datae,

49 379 241 448 ingredientes
251 388 369 449 portam,
379 382 461 433 fidem
473 382 567 433 datam
579 381 701 447 deosque
712 389 798 434 testes
808 397 856 435 ne-

34 450 196 571 quicquam
207 452 381 516 invocantes,
402 451 543 503 interfecti
553 457 627 502 sunt.
663 451 730 502 lnde
740 452 854 520 gravius

72 521 209 586 eiategro
222 521 325 572 bellum
337 522 452 573 exarsit.
482 522 512 572 c.
524 520 654 572 Valerius
664 517 813 584 Laevinus,
825 528 855 572 et

49 589 101 654 Ap.
111 588 243 640 Claudius
261 589 392 654 Pulcher,
411 597 440 642 et
451 591 480 642 G.
491 589 652 651 Memmius,
674 595 703 640 et
713 589 753 641 M.
763 588 856 657 Popil-

48 656 113 719 lius,
130 663 158 709 et
168 656 201 709 L.
212 660 359 710 Canuleius
371 659 448 711 missi
458 661 492 711 ab
503 667 601 712 senatu
610 665 753 711 venerant.
775 658 855 727 Apud

50 740 100 779 eos
111 740 194 794 quum
205 727 322 794 Delphis
332 730 477 796 utriusque
487 724 576 795 partis
587 728 676 796 legati
686 743 785 796 magno
797 743 855 781 oer-

50 795 157 848 tantine
168 804 293 863 agerent,
299 799 441 850 Ptoxenus
453 798 583 861 maxime,
594 812 677 865 quum
690 813 784 863 causa,
794 804 855 851 tum

50 864 220 931 eloquentia,
230 873 375 932 praestare
385 867 459 918 visus
471 875 527 930 est3
550 866 597 933 qui
607 865 710 933 paucos
720 873 785 934 post
795 868 855 919 dies

50 933 87 987 ab
97 933 256 986 Orthobula
268 949 356 987 uxore
370 950 476 988 veneno
494 941 538 988 est
552 935 692 991 sublatus:
711 935 855 988 damnata·

50 1016 105 1071 que
115 1017 150 1055 eo
163 1003 287 1065 crimine,
297 1005 327 1054 in
338 1005 467 1056 exsilium
479 1005 558 1056 abiit.
574 1004 740 1057 Idem-furor
751 1010 781 1057 et
791 1007 855 1062 cre·

50 1079 146 1127 tenses
157 1072 311 1125 lacerabat.
341 1073 470 1125 Adventu
478 1073 577 1125 deinde
588 1074 621 1134 Q.
631 1072 750 1125 Minucii
758 1074 856 1141 legati,

50 1142 99 1210 qui
116 1153 180 1194 cum
197 1142 293 1194 decem
311 1144 427 1195 navibus
444 1144 547 1193 missus
565 1140 601 1192 ad
620 1141 745 1193 sedanda
759 1158 855 1195 eorum

51 1211 205 1265 cortamina
215 1215 285 1274 erat,
294 1211 324 1263 in
334 1226 411 1280 spem
423 1211 500 1278 pacis
510 1214 651 1264 venerant.
676 1211 856 1264 Ceterumin·

51 1280 148 1336 dutiae
164 1286 272 1333 tantum
284 1295 334 1333 sex
344 1282 482 1334 mensium
492 1281 615 1333 fuerunt:
627 1280 788 1333 indemulto
795 1295 856 1348 gra·

50 1351 115 1403 tius
125 1351 230 1402 bellum
240 1352 356 1407 exarsit.
382 1351 467 1419 Lycii
483 1366 591 1419 quoque
602 1350 735 1418 peridem
745 1357 856 1419 tempus

52 1418 88 1472 ab
101 1418 217 1472 Rhodiis
228 1421 304 1473 bello
315 1423 496 1474 vexabantur.
526 1420 581 1474 Sed
593 1426 770 1473 extemorum
781 1421 857 1473 iuter

52 1505 84 1542 se
95 1490 180 1553 bella,
193 1505 247 1557 quo
258 1505 383 1557 quaeque
392 1492 477 1543 modo
487 1498 569 1560 gesta
578 1497 652 1553 sunt,
661 1491 792 1558 persequi
799 1506 856 1541 non

52 1573 155 1625 operae
172 1566 215 1612 est
229 1560 299 1612 satis
312 1574 447 1627 superque
459 1562 550 1613 oneris
561 1560 709 1612 sustinenti
721 1575 767 1612 res
779 1575 796 1611 a
808 1573 857 1626 po·

54 1629 120 1695 pulo
132 1629 258 1681 Romano
274 1636 368 1696 gestas
380 1631 511 1683 scribere.

105 1696 207 1751 xxvi.
226 1695 291 1765 [31.]
315 1699 449 1751 Celtiberi
459 1700 488 1749 in
499 1698 646 1763 Hispania,
662 1697 710 1764 qui
721 1695 797 1748 bello
809 1694 857 1746 do·

53 1766 118 1818 miti
127 1782 157 1818 se
168 1767 212 1818 Ti.
225 1766 354 1819 Graccho
368 1768 540 1829 dediderant,
551 1767 644 1833 pacati
655 1764 857 1816 manserantM.

53 1835 162 1888 Titinio
173 1841 302 1903 praetore
313 1837 457 1889 obtinente
468 1836 648 1902 provinciam.
677 1832 858 1885 Rebellarunt

55 1905 108 1957 sub
127 1905 274 1968 adventum
285 1908 335 1973 Ap.
348 1906 472 1968 claudii,
494 1905 605 1970 orsique
622 1902 728 1955 bellum
747 1903 858 1955 suntab

54 1975 202 2041 repentina
211 1976 418 2041 oppugnatione
428 1979 582 2026 castrorum
593 1974 790 2025 Romanorum.
801 1971 859 2024 Pri·

54 2056 101 2094 nna
111 2044 160 2094 lux
171 2043 257 2095 ferme
269 2050 346 2106 erat,
368 2058 450 2110 quum
460 2044 559 2111 vigiles
569 2043 599 2093 in
609 2043 695 2105 vallo,
718 2043 818 2110 quique
828 2043 858 2094 in

53 2120 200 2182 portarum
214 2114 384 2166 stationibus
398 2119 492 2176 erant,
515 2127 597 2179 quum
613 2113 749 2164 vidissent
760 2112 858 2179 procul

52 2184 212 2235 venientem
227 2181 350 2245 hostem,
370 2183 407 2234 ad
422 2199 500 2235 arma
518 2182 771 2234 conclamaverunt.
806 2182 857 2246 Ap.

54 2252 199 2315 Claudius,
210 2251 289 2319 signo
302 2253 446 2319 proposito
457 2265 573 2318 pugnae,
585 2253 679 2318 paucis
691 2251 858 2302 adhortatus

52 2322 176 2384 milites,
197 2323 286 2374 tribus
304 2322 387 2373 simul
403 2322 492 2388 portis
507 2321 612 2374 eduxit.
649 2319 858 2372 Obsistentibus

53 2391 91 2443 ad
104 2392 208 2442 exitum
219 2392 381 2453 Celtiberis,
401 2392 491 2459 primo
507 2400 558 2457 par
571 2390 709 2457 utrimque
719 2388 856 2454 proelium

54 2459 124 2523 tuit,
146 2461 209 2526 quia
227 2467 342 2527 propter
359 2461 502 2527 angustias
520 2476 575 2511 non
587 2475 681 2511 omncs
691 2459 719 2508 in
730 2457 861 2520 faucibus

54 2544 180 2597 pugnare
190 2536 319 2596 poterant
331 2529 460 2581 Romani:
471 2535 608 2599 urgentes
620 2526 728 2579 de'xnhe
738 2520 884 2570 alx'xalxoa

54 2598 144 2650 sicubi
157 2606 302 2652 eraserunt
314 2607 396 2655 extra
406 2601 532 2670 vallum,
545 2609 584 2654 ut
594 2595 732 2668 pandere
741 2589 857 2666 aenean,
869 2584 901 2669 ἓξ

45 2669 196 2732 exaequari
207 2671 341 2727 cornibus
353 2673 514 2748 hostibus,
538 2677 652 2750 quibus
665 2650 901 2725 oitssuffi‘m*
