1860 2994
152 112 225 167 Lm.
237 111 323 166 xhll.
337 114 410 166 Cir.
421 111 464 166 51.
477 116 521 182 [U.
529 116 696 171 C.581.A.C.
706 118 775 187 171.]
815 118 867 172 209

61 216 159 271 uilium
172 223 241 269 erut.
281 217 414 270 Gerenos
424 234 504 287 ergo,
518 219 620 284 inquit,
635 220 688 271 diis
699 221 763 272 lene
775 221 868 276 iuven·

62 286 148 350 tilae,
173 287 278 354 quondo
294 286 336 338 ita
352 287 472 351 videtur,
492 289 604 340 delium:
626 289 771 358 literisque
793 293 868 343 circa

62 354 221 425 praefectos
238 356 377 419 dimissis,
399 358 500 409 Citium
517 358 717 420 (Macedoniae
737 362 867 426 oppidum

63 430 123 488 est)
131 427 226 492 copias
239 440 333 477 omnes
345 425 493 479 contrahit.
516 428 579 494 lpse
590 434 699 480 centum
712 429 813 482 hostiis
825 445 868 481 sa·

63 488 170 548 orificio
182 496 317 562 regaliter
326 495 479 561 Minervae,
491 512 572 565 quam
584 505 686 550 vocant
697 500 868 562 Alcidemon,

61 564 153 627 laeto,
175 581 236 615 curn
252 573 471 633 purpuratorum
481 573 509 619 et
520 568 674 620 satellitum
686 585 768 621 manu
780 569 869 636 profe·

63 641 126 688 etus
138 634 239 686 citium
255 642 307 687 est.
343 637 385 687 Eo
401 637 459 688 iam
476 651 571 688 omnes
582 638 769 691 Macedonum
779 645 871 691 exter·

64 719 218 771 eorumque
234 705 404 757 auxiliorum
422 712 610 759 convenerant
625 709 733 774 copiae.
770 710 871 761 castre

63 780 130 827 ante
141 775 237 826 urbem
247 775 335 841 ponit,
355 772 504 842 omnesque
514 783 638 828 armatos
649 777 678 828 in
689 793 788 845 eampo
799 783 871 829 stru·

63 844 115 897 xit.
140 843 254 896 Summa
264 845 385 894 omnium
399 844 651 912 quadragintatria
661 848 870 900 millinarrnutu

62 912 156 977 luere:
168 927 285 979 quorum
297 928 361 978 pars
371 912 458 964 ferme
469 913 585 965 dimidia
594 915 868 984 phalangitaeerunt.

63 982 187 1051 Hippias
195 981 356 1052 Beroeaeus
375 987 514 1048 praeerat.
549 984 668 1036 Deleeta
679 986 779 1038 deinde
791 994 820 1038 et
830 987 870 1038 ri·

63 1052 144 1105 ribus
154 1057 184 1103 et
193 1051 296 1102 robore
308 1053 424 1115 aetatis,
443 1067 478 1104 ex
493 1052 568 1103 omni
580 1060 767 1105 caetratorum
778 1070 870 1108 nume·

62 1136 109 1187 ro,
127 1120 184 1173 duo
196 1120 289 1171 millio
299 1126 392 1172 erunt:
413 1136 512 1188 agema
522 1121 594 1173 hanc
605 1122 661 1188 ipsi
672 1124 813 1190 legionem
823 1137 871 1175 ro·

62 1192 175 1246 cubum.
188 1188 351 1243 Praefectos
363 1190 503 1244 habebant
513 1191 686 1244 Leonnatum
699 1199 728 1245 et
740 1190 871 1259 Thrasip·

61 1276 129 1335 pum
140 1261 313 1330 Eulyestus.
338 1262 498 1314 ceterorum
512 1267 711 1326 caetratorum,
721 1262 808 1314 trium
817 1261 870 1314 ler-

61 1346 108 1387 ne
116 1331 239 1385 millium
247 1328 399 1395 hominum,
410 1332 467 1384 dux
474 1332 870 1400 erutAntiphilusEdessaeus.

62 1400 413 1465 rememoreramus
424 1409 452 1455 et
464 1402 677 1472 Parstrymonia
689 1407 765 1466 (sunt
777 1408 870 1455 autem

64 1488 98 1527 ea
116 1472 181 1524 loca
199 1470 327 1524 subiecta
346 1471 501 1538 Thraciae)
522 1480 551 1525 ot
568 1474 717 1541 Agrianes,
737 1473 870 1525 admixtis

64 1544 150 1597 etiem
161 1541 317 1595 Thracibus
326 1542 436 1605 incolis,
448 1544 532 1595 trium
544 1544 663 1595 millium
675 1543 763 1596 ferme
774 1549 802 1595 et
813 1541 868 1608 ipsi

64 1613 246 1682 expleverunt
264 1627 416 1663 numerum.
451 1614 614 1665 Armaverat
636 1618 871 1677 contraxeratque

10 1696 17 1709 ¹
64 1698 113 1736 eos
122 1681 212 1735 Didas
225 1681 334 1744 Paeon,
354 1681 402 1748 qui
420 1681 627 1734 adolescentem
638 1682 812 1732 Demetrium
824 1694 871 1730 oc-

14 1772 17 1778 ·
64 1752 179 1806 cideret.
216 1752 254 1803 Et
264 1758 435 1804 armatorum
453 1752 508 1804 duo
519 1752 610 1803 millia
622 1750 769 1802 Gallorum
782 1754 871 1810 erant,

13 1786 20 1931 l
63 1820 208 1890 praelecto
219 1821 427 1888 Asclepiodoto.
463 1821 504 1874 Ab
515 1821 656 1874 Heraclea
672 1835 706 1872 ex
718 1817 805 1871 Sintis
817 1818 872 1870 tria
920 1819 928 1824 ''

17 1936 20 1943 .
63 1892 156 1944 millia
170 1892 312 1945 Thracum
332 1892 486 1944 liberorum
507 1907 586 1942 suum
603 1891 701 1943 ducem
721 1888 870 1942 habebunt.

17 1960 20 1971 '
65 1964 240 2016 cretensium
256 1978 308 2029 par
319 1978 406 2029 paene
419 1976 550 2013 numerus
565 1976 631 2014 suos
643 1961 726 2014 duces
738 1960 872 2028 sequeba-

16 2058 19 2069 ·
65 2038 126 2085 tur:
148 2031 248 2084 Susum
259 2031 476 2085 Phalasarneum
487 2038 516 2084 et
528 2030 635 2099 Syllum
648 2032 806 2084 Gnossium.
834 2031 871 2082 Et

64 2102 207 2156 Leonides
232 2102 470 2156 Lacedaemonius
495 2103 653 2169 quingentis
680 2117 715 2155 ex
740 2100 870 2162 Graecia,

64 2175 154 2225 mixto
173 2172 267 2239 generi
283 2172 437 2237 hominum,
461 2178 597 2238 praeerat.
634 2172 714 2239 Regii
725 2172 750 2222 is
761 2169 871 2239 generis

64 2242 468 2306 ferebatur3exsul,damnatus
475 2242 616 2309 frequenti
623 2243 739 2305 concilio
750 2240 871 2293 Achaeo-

63 2328 127 2365 rum
139 2350 147 2377 ,
177 2311 267 2364 literis
289 2312 324 2362 ad
345 2312 449 2365 Persea
469 2314 622 2378 deprensis.
658 2312 820 2364 Aetolorum
842 2313 872 2360 et

64 2383 251 2444 Boeotorum,
270 2383 318 2449 qui
336 2398 392 2434 non
401 2382 561 2449 explebant
572 2382 635 2448 plus
647 2397 727 2449 quarn
739 2381 870 2446 quingen·

66 2460 161 2506 torum
184 2467 280 2503 omnes
299 2469 459 2515 numerum,
478 2452 556 2519 Lyco
572 2451 696 2502 Achaeus
715 2448 873 2514 praefectus

66 2529 138 2576 erat.
174 2525 218 2577 Ex
230 2521 271 2572 his
282 2524 378 2574 mixtis
389 2528 432 2573 tot
444 2522 628 2590 populorum,
639 2524 690 2569 tet
699 2515 896 2590 gesimam}-

10 2616 15 2667 μ
65 2594 154 2655 siliis,
176 2592 322 2646 duodecim
334 2592 430 2650 millia
441 2600 628 2649 armatorum
635 2587 736 2639 ierrnc
745 2572 923 2674 ὣῦξῗῗζὲζ

58 2671 111 2714 tur.
121 2663 259 2729 Equitum
270 2681 306 2720 ex
319 2651 794 2726 totaMaceuemaconuasem
800 2645 873 2686 &m

86 2731 195 2788 1er.
211 2736 290 2796 Tou.
308 2740 348 2799 V.
684 2725 715 2774 Ψ
