1860 2994
150 121 183 172 00
299 123 332 173 T.
350 121 462 174 LlVIl
482 120 525 190 [U.
538 121 566 171 C.
579 121 636 189 571.
655 119 690 171 A.
703 119 730 170 C.
746 119 813 187 181]
876 119 883 135 ⁸

153 243 224 278 mum
246 242 276 278 se
295 227 482 291 recipiebant,
505 225 623 275 altarum
644 238 743 289 agmen
755 222 897 275 Celtibero
929 249 930 258 ι

153 296 332 357 venientium,
353 293 527 345 deditionem
539 293 704 344 Contrebiae
716 298 745 343 ct
759 307 838 344 suam
850 293 930 345 clad

152 363 304 427 narrando,
316 370 489 415 averterunt:
511 362 651 428 extemplo
662 362 690 411 in
702 360 777 413 vicos
789 362 926 431 cutellaq

154 451 205 487 sua
216 450 311 486 omnes
323 432 433 501 dilapsi.
468 431 599 494 Flaccus,
619 447 637 483 a
648 430 799 485 Contrebia
806 432 926 499 profert

152 519 203 572 per
215 503 394 557 Celtiberiam
405 502 616 569 populabundus
627 500 704 551 ducit
714 500 854 569 legionem
870 518 917 553 mn

153 574 271 626 castella
285 572 468 640 expugnarit,
491 571 579 624 donec
592 570 717 623 maxima
732 586 797 639 pars
807 572 916 627 Celtibe

153 659 213 696 rum
226 644 255 694 in
266 643 435 695 deditionem
447 642 533 694 renit.

206 710 335 765 XXXIV.
354 711 433 764 Haec
443 712 472 762 in
484 710 617 763 citeriore
626 710 765 777 Hispania
776 724 810 763 eo
827 724 900 765 anno
915 735 923 773 2

153 789 205 840 sta.
217 783 254 833 Et
264 783 293 833 ln
303 781 447 844 ulteriore,
457 780 579 832 Manlius
591 788 706 847 praetor
717 780 842 835 secunda
852 781 910 849 aliq

152 852 262 921 proelia
272 867 335 905 cum
344 851 487 903 Lusitanis
498 850 574 904 fecit.
602 849 729 918 Aquileia
740 851 851 905 colonia
859 851 925 903 Lati

153 923 251 978 eudem
273 936 345 973 anno
365 922 395 972 in
417 935 484 989 agro
496 920 643 972 Gallorum
664 925 707 973 cst
728 920 856 974 deducta.
892 923 917 973 T

151 992 242 1045 millia
253 992 377 1058 peditum
389 993 582 1058 quinquagena
593 991 699 1057 iugera,
713 991 889 1044 centuriones
923 1014 930 1037 ι

151 1069 226 1124 tena,
239 1068 358 1115 centena
367 1060 548 1129 quadragena
559 1061 666 1127 equites
678 1066 854 1127 acceperunt.
879 1063 930 1113 Tr·

151 1133 208 1183 riri
218 1131 402 1194 deduxerunt,
412 1130 442 1182 P.
456 1130 601 1183 Cornelius
612 1130 708 1196 Scipio
717 1130 835 1194 Nasica,
856 1130 886 1183 C.
918 1144 930 1174 τ

153 1202 272 1265 minius,
291 1200 326 1255 L.
337 1201 459 1254 Manlius
469 1201 609 1253 Acidinus.
645 1200 735 1253 Aedes
752 1202 824 1254 duae
839 1215 872 1253 eo
888 1217 924 1253 an

154 1270 300 1324 dedicatae
319 1277 394 1323 sunt:
425 1284 483 1322 una
497 1269 613 1322 Veneris
632 1270 774 1338 Erycinae
794 1272 830 1323 ad
849 1277 926 1338 port

153 1341 304 1392 Collinam:
327 1339 466 1392 dedicarit
477 1339 509 1391 L.
521 1338 637 1391 Porcius
647 1340 680 1392 L.
692 1340 724 1392 F.
736 1340 853 1393 Licinus
865 1340 921 1392 dun

154 1410 210 1461 vir:
223 1413 301 1472 (vota
312 1414 374 1460 erat
384 1410 418 1460 ab
430 1410 543 1461 consule
556 1410 589 1461 L.
601 1410 866 1479 Porcio‚Ligustino
876 1411 921 1464 bel

155 1478 259 1539 altera,
281 1478 311 1528 in
322 1478 385 1529 foro
397 1476 521 1540 olitorio,
532 1477 659 1532 Pietatis.
695 1482 765 1533 Eam
775 1482 874 1534 aedem
885 1481 930 1534 de

154 1547 228 1600 cavit
238 1548 284 1599 Μ’.
297 1547 529 1600 AciliusGlabrio
540 1550 681 1602 duumvir:
693 1557 870 1618 statuamque
882 1567 916 1603 au

153 1625 223 1680 tam,
240 1632 311 1684 quae
321 1617 411 1685 prima
424 1618 547 1671 omnium
557 1619 586 1671 in
597 1621 683 1674 ltalia
694 1627 789 1673 statua
800 1625 901 1674 aurata
919 1645 921 1651 ‚

54 1715 55 1718 =
154 1687 226 1756 patri
237 1687 385 1740 Glabrioni
395 1691 500 1757 posuit.
536 1690 562 1742 ls
574 1697 650 1755 erat,
661 1693 709 1759 qui
719 1693 780 1757 ipse
791 1706 853 1743 eam
864 1691 928 1743 aed

154 1763 277 1820 voverat,
289 1773 343 1826 quo
355 1759 473 1810 diacum
485 1773 551 1826 rege
562 1761 700 1812 Antiocho
712 1761 747 1811 nd
758 1759 930 1828 Thermopy

153 1827 352 1895 depugnasset:
369 1829 567 1895 locaveratque
579 1828 655 1880 idern
665 1843 700 1881 ex
709 1831 923 1881 senatusconsul

152 1896 206 1948 Per
217 1897 328 1948 eosdem
345 1898 417 1960 dies,
440 1898 540 1964 quibus
555 1896 608 1948 hae
624 1897 707 1949 aedes
728 1896 876 1950 dedicatae
887 1915 920 1951 su

153 1965 185 2016 L.
197 1965 330 2016 Aemilius
340 1966 455 2017 Paullus
466 1965 616 2033 proconsul
626 1982 662 2018 ox
672 1966 930 2035 Liguribuslngau

13 2001 46 2058 ’ᾖ
152 2031 342 2098 triumphavit.
378 2035 537 2087 Transtulit
552 2050 670 2088 coronas
685 2051 784 2088 aureas
801 2037 923 2106 quinque

152 2102 264 2170 viginti:
287 2119 338 2155 nec
348 2111 495 2172 praeterea
506 2104 654 2173 quicquam
674 2106 735 2157 auri
752 2107 920 2176 argentique

152 2188 185 2225 eo
198 2171 340 2240 triumpho
351 2168 450 2228 latuni.
461 2174 571 2242 Captivi
581 2176 664 2227 multi
676 2176 814 2245 principes
825 2176 900 2245 Ligu

153 2247 217 2294 ante
228 2256 339 2295 currum
352 2244 438 2296 ducti.
473 2246 554 2298 Aeris
564 2250 692 2298 trecenos
703 2247 842 2299 militibus
854 2248 883 2299 di
894 2247 922 2291 «ἴ

152 2313 294 2363 Auxerunt
304 2313 363 2367 eius
370 2314 506 2385 triumphi
512 2306 710 2384 famamlcgati
716 2318 857 2385 Ligurum,
864 2331 927 2383 pac

152 2388 315 2449 perpetuam
326 2389 451 2436 orantes:
473 2385 516 2438 ita
536 2385 567 2438 ia
586 2386 705 2440 oninium
724 2386 912 2440 induxissem

30 2477 55 2496 ‹
152 2466 213 2504 rum
242 2455 656 2524 entem,aalluuaquamarma,
677 2456 927 2525 sisiimperatam

51 2521 55 2576 ἰ
151 2524 215 2590 pulo
252 2540 487 2607 omanoqramere.
522 2526 698 2592 Responsum
711 2526 772 2609 ati.
782 2526 870 2579 Fabio
881 2542 924 2593 pr
