1860 2994
111 109 186 162 Lss.
196 107 281 163 XLV.
295 111 367 163 css.
379 107 422 163 19.
432 111 476 163 20.
492 111 790 179 [U.C.585.A.C.167.]
819 115 870 168 331

56 225 229 283 erepturum.
267 216 297 267 Si
308 226 424 286 unoque
432 217 555 287 gloriosa
567 234 609 268 res
620 229 694 280 esset,
714 228 741 271 et
752 236 870 273 servasse

9 302 15 331 ῑ
52 286 157 360 fratri
177 303 306 355 reguum,
328 297 354 338 et
375 287 520 354 eripuisse,·
547 287 651 338 serrati
672 299 761 342 turonen
781 292 870 360 regni,

59 373 134 425 quae
144 355 239 409 iuncta
247 357 350 424 pietati
359 357 405 419 sit,
419 359 551 424 potiorem
563 359 669 410 laudem
681 359 780 427 fuisse.
819 362 872 413 Seri

9 437 19 485 's
60 426 198 481 enimuero
210 444 289 494 quum
302 428 468 479 detestabilis
477 431 568 480 altera
580 445 622 480 res
634 438 661 480 et
668 429 795 495 proxime
805 447 871 497 par·

10 496 23 541 ὅ
59 495 164 549 nitidis
179 496 232 559 sit,
254 496 320 564 quid
341 499 379 549 ud
393 498 612 551 deliberationem
631 499 706 550 dubii
718 502 870 564 superesse?

9 576 17 610 t
65 564 167 618 Utrum
187 566 256 618 enim
271 577 381 633 purtem
396 568 476 637 regni
482 568 639 635 petiturum
650 585 717 629 esse,
738 583 774 619 arr
784 575 870 619 totum

9 648 29 681 1
63 637 239 704 erepturum?
259 635 291 687 st
297 648 425 704 pertem,·
444 638 522 689 ambo
533 636 663 706 infirmos,
680 637 822 690 distractis
833 636 871 689 ui-

9 716 32 767 p
62 705 149 769 eiius,
160 716 188 759 et
200 705 318 758 erunibus
328 707 439 760 iniuriis
446 705 608 772 probrisque
620 707 833 778 ottoniensem
846 706 872 759 si

10 786 31 835 Ι,
65 784 170 836 tomen,-
187 776 361 844 privatumne
371 792 436 843 ergo
446 775 574 827 maiorem
588 774 729 845 fratrem,
749 792 872 829 suessu-

10 840 31 893 ἱ
65 847 116 898 tem
127 845 176 897 tua
186 854 295 907 estote,
314 845 364 896 itta
375 845 495 911 eorporis
505 843 681 912 infirmitate,
701 844 739 896 ad
747 846 870 898 ultimum

10 926 31 961 ss
65 914 301 967 neoriiussnrune?
320 913 473 983 Egregium
485 913 572 976 enim,
591 923 623 966 ut
633 913 742 985 sabulis
754 915 872 968 traditus

10 998 27 1031 ι
64 982 212 1050 impiorum
227 983 355 1054 fratrum
373 993 481 1035 eventus
496 991 637 1045 taceatur,
657 983 754 1035 Persei
768 985 871 1036 exitssns

13 1064 27 1101 ε
64 1050 163 1114 sideri,
173 1052 219 1117 qui
232 1053 406 1124 exfroterna
416 1054 499 1104 erede
507 1061 619 1119 ruptum
631 1051 753 1104 diadema
765 1053 794 1104 irs
806 1062 871 1104 tens·

62 1124 110 1191 pto
122 1120 338 1187 Samotbracum,
358 1124 431 1174 velut
439 1121 628 1205 praesentibus
638 1120 691 1172 diis
701 1122 872 1189 exigentibus

100 1208 178 1255 enas,
200 1193 237 1243 ad
251 1193 335 1259 pedes
350 1191 462 1244 uictores
474 1190 560 1244 lsostis
594 1200 731 1243 sostratus
737 1190 871 1258 posuerit.

59 1206 213 1324 &seipsos
230 1258 285 1324 qui,
303 1258 566 1320 nonitts‘amiei,sed
595 1259 690 1312 'ameni
699 1259 804 1331 infesti,
824 1258 873 1312 sti·

14 1380 18 1389 ,
64 1330 168 1382 mutent
179 1341 255 1389 eum,
270 1324 403 1392 pietatem
414 1326 648 1395 constantiamque
658 1331 828 1393 laudaturos,
848 1326 873 1381 si

10 1396 24 1509 ι
64 1397 146 1462 tidem
158 1395 326 1447 eduttimum
338 1395 432 1466 fratri
438 1396 634 1466 praestitisset.

118 1464 181 1517 XX.
203 1465 282 1516 Haec
296 1464 358 1529 plus
370 1466 484 1519 valuere
494 1467 524 1519 in
536 1469 624 1520 notati
636 1468 740 1520 animo.
774 1469 871 1537 ltaque

64 1535 241 1589 introductus
251 1534 280 1584 in
290 1539 429 1596 senatum,
446 1537 606 1602 gratulatus
616 1539 759 1590 victoriam
771 1545 823 1601 est,
843 1544 872 1591 et

65 1622 118 1659 suo
128 1605 229 1657 merita
240 1618 273 1655 eo
283 1602 359 1653 bello
369 1602 527 1671 fratrisque,
538 1608 561 1654 si
572 1620 625 1669 qus
636 1613 724 1669 erant,
735 1613 764 1659 et
775 1608 870 1658 Gallo·

64 1692 127 1729 runs
144 1673 345 1734 detectionem,
370 1686 439 1737 quae
460 1687 548 1737 nuper
568 1674 675 1741 ingenti
695 1681 775 1726 motu
794 1675 871 1729 taeta

65 1749 143 1807 erut,
164 1742 302 1812 exposuit.
340 1741 439 1802 Petiit,
460 1746 491 1790 nt
509 1742 618 1809 legatos
630 1743 755 1795 mitteret
767 1744 802 1795 ud
813 1760 870 1809 eos,

66 1829 184 1883 quorum
196 1811 365 1867 auctoritate
378 1813 411 1861 ab
423 1811 508 1862 armis
520 1819 715 1864 avocarentur.
752 1814 807 1865 llis
819 1831 869 1881 pro

65 1882 149 1950 regni
159 1884 285 1935 utilitate
296 1881 379 1933 editis
391 1879 539 1943 mandatis,
555 1882 662 1933 Aenum
673 1882 726 1934 sibi
738 1889 767 1935 et
776 1884 869 1936 Muro-

65 1968 146 2005 neum
158 1954 249 2020 petiit.
279 1952 323 2003 lta
334 1951 470 2002 destituta
481 1965 577 2003 eorum
589 1966 648 2018 spe,
659 1955 714 2018 qui,
726 1951 814 2006 fratre
826 1970 870 2006 oe·

67 2027 173 2084 eusuto,
187 2021 367 2087 partitionem
378 2020 458 2087 regni
467 2021 619 2087 petiturum
630 2022 815 2088 erediderunt,
827 2040 869 2077 cu·

65 2094 138 2146 riom
151 2091 281 2143 excessit.
316 2091 353 2140 Ut
363 2104 428 2143 raro
439 2090 510 2143 alias
522 2091 680 2161 quisquam,
696 2108 746 2146 rex
757 2100 806 2145 unt
817 2097 870 2163 pri·

65 2168 157 2223 sutus,
168 2166 247 2211 tanto
257 2159 354 2211 favone
365 2166 499 2228 tantoque
510 2160 631 2212 osssniusn
644 2177 758 2216 assensu
769 2170 811 2217 est
823 2181 873 2218 ou·

67 2231 158 2293 ditus;
171 2230 298 2280 omnibus
308 2227 461 2282 honoribus
471 2232 693 2300 muneribusque,
700 2241 727 2286 et
738 2250 870 2300 praesens

68 2307 112 2353 est
131 2301 237 2360 cultus,
257 2304 286 2349 et
303 2298 521 2363 proficiscentem
533 2305 675 2369 prosecuti
685 2309 758 2355 sunt.
794 2305 871 2355 luter

67 2367 454 2437 insultasAsiaeGraeeiueque
465 2370 620 2437 legationes
631 2372 804 2423 Rhodiorum
814 2389 868 2424 ma·

68 2441 143 2491 xime
154 2441 242 2507 legati
252 2438 393 2491 civitaten
405 2447 609 2493 converterunt.
638 2440 709 2491 Noun
721 2456 803 2507 quum
815 2441 868 2507 pri·

69 2525 114 2560 mu
126 2510 155 2560 in
167 2516 245 2561 reste
256 2509 375 2560 candidu
385 2509 437 2560 sisi
449 2517 555 2573 essent,
573 2509 651 2577 quusi
659 2516 691 2560 st
699 2511 886 2574 {summm

70 2578 196 2641 decebat,
217 2585 257 2643 et,
279 2579 304 2630 si
315 2578 463 2633 sordidam
471 2571 909 2635 vusesuttunuxsssuffwssw·

62 2651 129 2699 tium
140 2648 236 2702 Persei
249 2666 348 2705 cusum
360 2654 509 2724 praebere
519 2650 658 2723 speeiem
665 2632 911 2712 notffiffi'ffi*
