1860 2994
65 276 100 328 24
209 274 243 327 r.
267 270 720 342 nrvrrsn.c.5s7.n.c.1sn.]

65 382 178 432 Maenio
190 385 321 445 praetore
337 380 443 430 urbano
463 378 551 430 creati
565 383 642 439 sunt,
663 377 697 429 L.
709 376 874 430 Scribonius

66 449 152 511 Libo,
172 449 211 498 M.
226 449 362 512 Tuccius,
385 450 433 500 Cn.
450 447 573 499 Baebius
593 444 767 514 Tamphilus.
803 450 875 499 Cum

67 518 245 587 Perscorege
262 523 290 568 et
302 516 503 570 Macedonibus
517 516 635 579 bellum,
655 517 731 582 quod
750 518 872 569 immine·

65 590 124 649 bat,
136 602 191 637 non
201 586 274 639 unde
284 587 411 654 plerique
423 587 582 652 opinantur,
590 601 641 636 nec
651 587 685 637 ab
697 586 759 652 ipsc
770 586 872 639 Perseo

67 672 164 707 causas
180 657 263 721 cepit.
299 656 433 708 inchoata
448 656 529 707 initia
539 672 556 707 a
566 655 696 722 Philippo
708 661 786 707 sunt:
808 663 837 707 et
848 656 874 707 is

64 727 140 792 ipse,
160 727 186 776 si
201 725 307 776 diutius
319 726 445 788 vixisset,
466 725 495 775 id
509 726 613 778 bellum
632 725 776 792 gessisset.
811 726 874 777 Una

65 811 127 847 eum
138 810 192 857 res,
203 809 287 861 quum
295 794 370 845 ricto
380 795 458 862 leges
468 795 687 861 imponerentur,
696 794 816 847 maxime
827 810 875 846 an·

64 867 162 933 gebat3
188 863 273 931 quod,
295 865 342 930 qui
354 865 539 916 Macedonum
557 865 591 915 ab
611 880 641 916 se
663 864 825 916 defecerant
847 867 875 915 in

64 935 153 995 bello,
175 934 204 984 in
223 948 271 985 eos
282 934 326 984 ius
336 933 482 986 saeviendi
493 934 656 999 ademptum
674 935 702 985 ei
718 934 753 985 ab
775 940 875 985 senatu

66 1010 139 1055 erat:
161 1018 261 1070 quum,
282 1004 347 1069 quia
358 1019 417 1056 rem
429 1004 568 1071 integram
581 1003 727 1064 Quinctius
738 1004 767 1054 in
782 1004 875 1055 condi·

64 1072 189 1125 tionibus
200 1073 275 1139 pacis
286 1072 448 1134 distulerat,
470 1087 526 1124 non
536 1073 712 1140 desperasset
726 1071 875 1140 impetrari

64 1158 157 1210 posse.
170 1140 306 1194 Antiocho
318 1158 384 1209 rege
397 1142 496 1194 deinde
507 1144 582 1195 bello
593 1148 725 1208 superato
739 1143 776 1194 ad
788 1140 874 1194 Ther·

64 1211 305 1279 mopylas,dirisis
318 1213 542 1277 partibus‚quum
554 1228 604 1278 per
616 1213 728 1264 cosdem
740 1213 800 1263 dies
812 1227 875 1263 con·

64 1282 108 1332 sui
119 1282 225 1332 Acilius
236 1280 415 1343 Heracleam,
426 1280 570 1348 Philippus
581 1282 707 1332 Lamiam
720 1296 876 1348 oppugnas·

63 1356 122 1414 set;
145 1360 226 1418 capta
235 1350 389 1412 Heraclea,
401 1352 468 1417 quia
477 1353 569 1401 iussus
580 1350 731 1405 abscedere
743 1368 760 1403 a
770 1350 875 1403 moeni·

63 1422 117 1471 bus
128 1420 244 1471 herniae
255 1426 330 1480 erat,
342 1418 529 1485 Romanisque
541 1419 674 1484 oppidum
686 1420 811 1473 deditum
824 1428 876 1481 est,

64 1504 150 1555 aegre
160 1504 222 1541 eam
233 1501 292 1539 rem
302 1487 415 1539 tulerat.
452 1486 603 1539 Per-mulsit
612 1491 683 1541 iram
696 1492 757 1543 eius
768 1490 875 1551 consul,

64 1557 154 1624 quod,
174 1556 210 1607 ad
220 1554 397 1621 Naupactum
407 1556 470 1621 ipse
479 1555 631 1621 festinans,
654 1574 708 1625 quo
719 1577 750 1613 se
761 1577 795 1613 ex
806 1561 875 1627 iuga

65 1625 159 1680 Aetoli
170 1623 492 1693 contulerant,l'hilippo
503 1628 639 1693 permisit,
650 1635 682 1679 ut
691 1630 875 1682 Athamaniae

65 1700 95 1747 et
106 1693 286 1762 Amynandro
295 1692 399 1745 bellum
411 1694 544 1761 inferret3
566 1703 595 1748 et
606 1699 699 1762 urbes,
709 1715 776 1766 quas
787 1699 874 1750 Thes·

65 1764 134 1815 salis
146 1763 239 1815 Aetoli
252 1760 427 1826 ademerant,
438 1779 526 1833 regno
537 1766 683 1819 adiiceret.
720 1768 804 1820 llaud
816 1783 873 1818 ma-

65 1848 120 1900 gno
141 1839 294 1885 certamme
313 1838 344 1887 et
353 1834 563 1902 Amynandrum
575 1836 742 1889 Athamania
762 1838 876 1905 expub·

63 1909 124 1966 rat,
146 1910 174 1955 et
184 1903 267 1954 urbes
278 1903 388 1971 aliquot
397 1910 550 1973 receperat.
586 1906 796 1957 Demetriadem
807 1920 875 1971 quo-

65 1988 127 2040 que,
139 1976 233 2026 urbem
244 1973 367 2024 validam
378 1979 407 2027 ot
418 1974 454 2025 ad
464 1976 559 2027 omnia
568 1978 763 2039 opportunam,
775 1980 803 2023 et
814 1977 876 2025 Ma-

65 2049 178 2108 gnetum
190 2048 301 2107 gentem
314 2058 381 2092 suae
394 2040 510 2093 ditionis
522 2040 601 2092 fecit.
628 2039 697 2090 lude
708 2041 775 2092 etin
786 2043 877 2096 Thra.

65 2113 109 2163 oia
120 2110 252 2176 quasdam
264 2110 361 2170 urbes,
381 2123 470 2161 novae
487 2115 571 2177 atque
586 2110 715 2161 insuetae
730 2109 876 2167 libertatis

63 2180 150 2240 vitio,
181 2177 367 2230 seditionibus
388 2179 545 2245 principum
564 2178 707 2243 turbatas,
736 2182 876 2248 partibus,

64 2264 135 2315 quae
148 2246 302 2299 domestico
316 2249 468 2300 certamina
484 2249 674 2312 vincerentur,
697 2250 874 2319 adiungendo

64 2319 234 2382 sese‚cepit.

116 2386 215 2437 xxiv.
234 2385 288 2437 llis
302 2385 400 2438 sedata
414 2386 442 2437 in
456 2387 619 2453 praesentia
634 2389 711 2457 regis
724 2388 770 2443 ira
783 2389 812 2441 in
820 2392 875 2443 Ro-

63 2469 159 2505 manos
171 2459 221 2506 est.
258 2454 405 2521 Nunquam
417 2462 511 2509 tamen
522 2459 632 2510 remisit
648 2461 768 2525 animum
786 2476 803 2511 a
819 2461 876 2512 col·

62 2523 185 2590 ligandis
196 2523 226 2574 in
238 2539 306 2590 pace
317 2526 431 2590 viribus,
442 2528 552 2594 quibus,
564 2529 729 2594 quandoque
741 2530 808 2580 data
820 2530 876 2581 for·

64 2602 132 2645 tuna
144 2602 229 2657 essct,
242 2595 278 2645 ad
288 2594 393 2647 bellum
404 2602 538 2648 uteretur.
557 2596 719 2664 Vectigalia
728 2599 809 2664 regni
819 2605 878 2649 non'

64 2665 200 2717 fructibus
220 2670 329 2714 tanturn
353 2680 485 2731 agrorum
512 2667 702 2733 portoriisque
725 2668 874 2718 maritimis

65 2735 158 2797 auxit3
179 2733 227 2786 sed
238 2733 356 2787 metalla
367 2737 451 2785 etiam
465 2741 492 2786 et
508 2741 605 2788 veteru
618 2737 779 2789 intermissa
797 2751 874 2787 reco·

45 2800 113 2859 lm‘e,
128 2809 160 2850 et
166 2818 244 2854 nora
254 2803 356 2858 multis
366 2804 440 2859 locis
451 2804 588 2861 instituit.
605 2806 644 2857 lit
652 2821 721 2860 roro
732 2805 877 2871 antiquam
