1860 2994
161 143 233 199 Lis.
244 141 344 199 XLIV.
356 145 432 199 crs.
442 143 469 198 d.
481 102 700 212 [U.'C.583.h.'C.
709 142 776 213 rep]
821 142 872 197 201

64 255 166 318 sisset,
187 253 360 305 undeinvito
371 252 453 304 hoste
463 251 576 318 regredi
586 252 721 317 nequiret,
744 266 805 303 eam
816 265 872 304 nun

63 323 253 376 inconsultam
265 322 411 375 audaciam
422 320 500 374 iecit.
537 323 616 372 Duos
627 322 699 372 enim
711 321 809 383 saltus,
822 336 872 387 pes

65 390 136 462 quus
147 393 212 446 inde
223 394 342 445 evadere
353 398 475 460 possent,
485 391 626 443 habebant
635 391 769 442 Romani:
787 406 872 442 unum

64 478 116 532 per
125 465 231 530 Tempe
242 463 271 515 in
283 462 473 524 Thessaliam,
494 462 616 515 alterum
634 461 664 512 in
676 461 873 512 Macedoniam

64 539 179 601 praeter
188 533 288 597 Dium3
308 547 379 600 quae
389 539 508 602 utraque
518 533 606 600 regiis
616 531 784 584 tenebantur
794 545 872 599 prae·

64 601 156 656 sidiis.
193 603 290 680 ltaque
300 603 325 653 si
335 602 392 654 dux
408 603 567 669 intrepidus
577 603 672 655 desem
684 602 744 654 dies
755 602 873 667 primam

64 672 187 741 speeiem
197 673 445 741 appropinquantis
455 672 573 723 terroris
585 672 772 733 sustinuisset,
783 685 874 737 neque

64 748 194 809 receptus
208 744 339 794 Romanis
355 758 405 810 per
417 742 562 807 Tempsin
573 740 762 805 Thessaliam,
782 754 873 808 neque

64 812 268 865 commeatibus
288 809 473 878 pervehendis
494 825 528 863 eo
543 812 681 877 patuisset
701 811 766 863 iter.
802 810 880 862 Sunt

65 880 141 935 enim
153 882 259 947 'Tempe
270 881 374 942 saltus,
395 880 510 931 etiamsi
525 893 581 930 nun
593 880 670 933 belle
680 880 731 933 dat
742 880 873 943 infestus,

51 950 186 1003 ,transitu
198 949 328 1001 difficilis.
357 948 436 1001 'Nam
451 955 566 1014 praeter
582 951 724 1016 angustias
736 965 786 1017 per
796 950 873 1017 quin-

62 1035 120 1090 que
130 1018 231 1082 millia,
248 1033 302 1087 qua
311 1016 443 1083 exiguum
454 1023 580 1070 iumento
589 1025 689 1070 onusto
700 1021 755 1071 iter
765 1028 816 1080 est,
829 1033 874 1079 ru·

62 1104 116 1160 pes
132 1089 274 1158 utrimque
288 1088 331 1140 ita
345 1086 473 1139 ahs'eisae
491 1094 571 1150 sunt,
590 1094 622 1140 ut
634 1088 742 1155 despici
753 1089 801 1139 vix
812 1087 874 1141 sins

56 1159 206 1226 uertigine
221 1159 342 1227 quadam
356 1157 441 1209 simrd
456 1157 599 1210 oculorum
614 1157 754 1223 animique
775 1156 874 1223 possit.

64 1231 171 1283 Terret
191 1234 220 1282 et
241 1229 350 1281 sonitus
371 1233 401 1282 et
421 1226 544 1279 altitude
565 1242 617 1295 per
636 1227 757 1280 mediam
772 1225 874 1278 sallem

64 1297 180 1371 fluentis
190 1298 274 1351 Penei
285 1299 383 1351 amnis.
414 1297 470 1350 Hie
480 1298 571 1362 loeus,
590 1304 649 1350 tam
660 1303 760 1364 suapte
771 1303 874 1348 natura

63 1368 252 1436 infestus‚per
262 1375 397 1438 quattuor
407 1369 541 1437 distantia
551 1369 617 1421 loca
626 1366 777 1437 praesidiis
787 1364 873 1434 regiis

64 1436 122 1491 fuit
132 1440 262 1493 insessus.
279 1440 368 1491 [inum
378 1441 408 1491 in
418 1440 508 1507 primo
520 1439 599 1492 aditu
611 1440 647 1493 ad
659 1439 788 1491 Gonnum
799 1442 873 1490 erut:

66 1509 186 1571 alterum
197 1509 384 1576 adCondylou
395 1511 514 1563 castello
522 1511 745 1579 inexpugnabili:
757 1508 874 1561 tertium

65 1579 142 1632 eirea
156 1578 352 1645 Lapathunta,
373 1594 455 1647 quem
470 1580 598 1633 Characa
616 1583 772 1648 appellant:
794 1592 875 1646 quar·

63 1655 125 1702 tum
141 1650 203 1702 viae
218 1649 288 1715 ipsi,
311 1655 411 1716 quaet
430 1649 524 1701 media
539 1657 568 1702 et
580 1647 874 1716 angustissimavallis

63 1727 118 1784 est,
137 1721 311 1785 impositum,
323 1734 405 1785 quam
416 1718 461 1768 vel
471 1718 565 1770 decem
578 1720 693 1769 armetis
706 1717 778 1767 tueri
788 1715 874 1767 facile

64 1795 118 1842 est.
134 1789 291 1839 intercluso
304 1803 353 1850 per
363 1789 469 1851 Tempe
480 1788 564 1839 simul
575 1785 654 1838 editu
660 1785 873 1846 commeatibus,

63 1857 150 1911 simul
160 1855 262 1917 reditu,
274 1854 329 1921 ipsi
339 1860 456 1916 montes,
467 1870 520 1920 pes·
528 1868 599 1921 ques
610 1853 818 1923 descenderant,
831 1868 876 1906 rs·

63 1926 178 1996 petendi
190 1930 279 1977 eraut.
316 1923 399 1984 Quod
409 1928 440 1974 ut
451 1922 529 1975 furto
541 1923 710 1986 fefellerant,
720 1924 762 1974 ita
773 1938 875 1991 propa·
887 1966 890 1971 .

62 1997 135 2059 lam,
156 1997 315 2049 tenentibus
331 1994 480 2060 superiora
497 1997 640 2045 eacumina
654 1994 796 2057 hostibus,
815 2009 873 2045 non

63 2072 211 2136 poterent:
223 2071 252 2117 et
262 2072 378 2130 experta
389 2064 538 2115 difficultas
550 2080 627 2130 spem
639 2080 749 2116 omnem
760 2064 874 2116 incidis·

64 2141 118 2190 set.
133 2134 284 2200 Supererat
295 2132 367 2185 nihil
379 2134 456 2185 aliud
468 2134 498 2184 in
509 2135 778 2197 temerecommisso,
787 2149 871 2203 quam

62 2207 95 2259 in
106 2203 301 2255 Macedoniam
312 2203 347 2254 ed
357 2203 440 2254 Dium
454 2217 504 2268 per
514 2205 620 2255 medios
632 2205 751 2259 evadere
760 2203 870 2257 hostes:

64 2274 151 2344 quod,
171 2273 226 2324 nisi
236 2272 275 2323 dii
286 2278 406 2326 mentem
417 2275 478 2340 regi
489 2274 671 2337 ademissent,
689 2282 719 2328 et
727 2274 818 2341 ipsum
828 2274 871 2324 iu·

64 2346 157 2414 gentis
169 2343 344 2394 difficultatis
355 2349 425 2394 erat.
461 2342 533 2395 Nam
544 2359 626 2410 quum
638 2346 751 2412 Olympi
761 2344 870 2395 radices

63 2415 170 2468 mentis
184 2413 281 2479 paullo
294 2413 357 2479 plus
368 2426 450 2479 quam
461 2414 539 2464 mille
550 2430 680 2480 passuum
693 2414 728 2465 ad
739 2430 816 2466 arare
828 2427 871 2464 re·

64 2483 333 2551 linquantspatium‚
342 2483 873 2548 cuiusdimidiumlueioeeupatostium

64 2555 125 2607 late
134 2560 299 2620 restagnans
310 2549 437 2620 Baphyri
448 2555 548 2617 amnis,
558 2552 823 2622 partemplaxixt‘xse
831 2555 893 2618 mxx}

67 2624 143 2676 loris
155 2623 295 2689 templum,
306 2628 356 2674 aut
368 2623 510 2694 oppidum
519 2630 619 2687 tenet,
629 2619 913 2684 petissemus*

50 2707 139 2767 pnsum
149 2691 230 2748 fossa
242 2694 363 2754 modica
374 2696 522 2770 valloque
537 2681 839 2761 elauutpetesetss&
845 2676 920 2717 *W
