1860 2994
73 112 124 164 108
216 113 249 163 T.
269 110 380 162 lell
398 111 441 178 [U.
453 113 484 162 C.
494 112 553 165 581.
571 111 604 163 A.
616 112 646 162 C.
662 112 729 178 171.]

69 216 202 286 possunt?
219 213 338 282 Dolopes
349 231 366 266 a
377 224 403 267 te
419 214 477 282 ipso
493 213 612 266 evastati
632 223 704 266 sunt.
740 204 877 267 Eun'tenes

73 303 131 348 ren,
142 284 175 336 ab
184 283 273 335 Roma
284 301 366 353 quum
373 284 404 336 s'n
414 301 527 353 regnum
538 283 648 346 rediret,
659 300 747 352 prope
757 294 789 337 ut
799 285 877 336 uicti·

74 371 120 407 sno
128 352 243 421 Delphis
253 352 284 407 s'n
294 362 404 407 sacrato
415 355 472 406 loco
483 362 548 406 ante
558 368 622 406 aras
634 361 787 417 mactatus,
801 370 879 420 quens

73 423 222 488 insimulet,
239 424 320 493 piget
338 423 452 494 reserre.
491 422 566 487 Quae
585 422 681 491 hospes
694 422 880 476 Brundisinus

74 495 183 546 occultu
188 494 322 566 facinora
334 491 446 556 indicet,
458 502 562 545 certum
573 490 666 555 tetes,
678 502 705 545 et
715 493 822 559 scriptu
832 491 882 545 ts‘ls'

76 563 166 616 omniu
177 564 211 615 ab
221 562 308 614 Roma
319 579 382 626 csse,
393 571 421 614 et
429 564 534 631 legatos
545 572 606 615 tuos
615 563 793 616 renuntiatae.
805 562 883 614 Haec

74 633 304 687 medicerentura
321 649 378 695 me,
399 648 452 684 uno
473 634 549 685 modo
569 632 660 685 nitore
674 630 810 700 potuisti,
830 648 883 684 non

76 705 239 772 quaerendo,
249 719 330 771 quam
341 703 372 754 ol
383 718 493 757 cansam
505 702 640 756 exercitus
651 702 679 754 in
690 700 884 754 Macedoniam

76 773 281 836 traiicerentur,
303 782 355 825 aut
370 772 552 840 praesidiuin
571 772 702 824 sociarunt
721 770 802 823 urbes
821 771 884 822 snit·

76 853 200 896 tacemus.
247 842 399 907 Quaerenti
433 843 485 895 tibi
523 841 664 910 superbius
699 840 883 902 tacuissemus,

77 928 232 981 quasnoera
251 911 445 980 respondimus.
478 912 612 980 Equidem
629 928 681 980 pro
698 918 818 977 paterno
837 927 883 962 sso-

75 992 134 1034 stro
144 981 262 1050 hospitio
273 984 359 1055 faceo
370 982 493 1036 orationi
503 992 580 1045 tuae,
600 989 627 1032 et
637 988 708 1048 opto,
720 986 752 1030 ut
761 978 884 1044 aliquam

76 1051 145 1104 otili
153 1051 294 1105 materiem
311 1052 443 1119 praeiens
453 1052 575 1121 agendae
590 1059 654 1103 tuae
669 1050 744 1117 apud
758 1057 885 1101 senatum

78 1139 185 1175 causae.

131 1189 204 1242 XLI.
223 1191 265 1242 Ad
276 1205 311 1242 ess
320 1203 383 1242 rex:
400 1189 506 1244 Bonam
517 1204 638 1252 causam,
658 1186 683 1239 ss'
693 1187 769 1255 apud
780 1185 883 1237 iudices

77 1278 175 1327 aequos
187 1269 332 1328 ageretur,
353 1261 430 1326 apud
437 1260 540 1313 eosdem
552 1267 579 1311 et
589 1266 760 1310 accusatores
772 1264 799 1307 et
813 1254 884 1307 s'uds'·

78 1347 120 1382 ces
132 1345 223 1398 agam.
234 1328 340 1381 Eorum
352 1337 451 1390 nutem,
463 1344 532 1396 quae
543 1329 647 1381 obiecta
658 1336 720 1380 sunt
732 1325 807 1388 milei,
816 1341 884 1392 par·

78 1399 128 1450 tim
138 1415 169 1450 ec
182 1406 243 1448 sunt
251 1432 259 1458 ,
281 1397 376 1464 quibus
386 1398 475 1450 nescio
488 1415 523 1452 an
535 1398 657 1469 gloriari
672 1397 798 1456 debeam,·
816 1410 884 1462 par-

78 1468 137 1529 tim,
149 1483 216 1534 quae
229 1466 321 1536 fateri
332 1484 385 1520 non
396 1470 569 1531 erubescom;
583 1468 702 1537 partim,
724 1481 792 1533 qnae
802 1464 884 1516 cerlo

78 1536 183 1589 adiecta
194 1535 272 1588 cerlo
283 1554 386 1606 negare
397 1539 441 1590 sit.
465 1540 539 1604 Quid
548 1540 627 1601 enim,
637 1538 661 1589 si
671 1536 775 1605 legibus
786 1533 884 1585 uestris

77 1605 156 1659 leodic
168 1623 229 1658 reus
240 1606 297 1671 sim,
319 1619 369 1661 aut
378 1608 461 1662 index
471 1609 667 1669 Brundisinus,
687 1615 738 1658 out
748 1605 886 1657 Eumenes

79 1676 146 1729 milti
156 1677 277 1741 obiiciat,
288 1687 320 1730 ut
332 1695 461 1732 accusare
468 1679 561 1745 potius
571 1695 640 1740 sere,
661 1691 740 1742 qnam
751 1674 885 1727 conuicia·

77 1751 113 1809 ri,
126 1749 289 1801 uideantur?
307 1749 428 1812 Scilicet,
438 1765 487 1801 nec
498 1748 642 1806 Eumenes,
654 1758 735 1809 quum
747 1750 804 1792 tam
816 1744 885 1795 mul·

79 1817 219 1885 tisgraois
235 1816 342 1883 publice
353 1835 386 1869 uc
401 1815 597 1884 priuatinssit,
615 1812 713 1872 alium,
733 1823 813 1872 quam
832 1829 886 1874 use,

77 1885 218 1937 inimicum
229 1885 339 1937 habuit.-
356 1903 440 1952 neque
450 1901 498 1952 ego
516 1884 651 1950 potiorem
665 1894 826 1944 quemquam
849 1882 889 1934 nd

78 1954 233 2005 resinisteria
245 1953 415 2024 facinorum,
432 1968 511 2018 quom
522 1951 690 2011 Rammium,
713 1963 790 2013 quem
800 1968 886 2018 neque

78 2038 197 2088 unquam
209 2033 272 2073 oute
284 2022 412 2083 videram,
434 2037 482 2073 nec
492 2038 566 2072 eram
574 2028 673 2087 posteo
684 2017 802 2080 missurus,
812 2019 886 2072 inoe-

79 2091 139 2144 ns‘re
147 2089 236 2157 potui.
272 2089 313 2141 Et
326 2089 525 2152 Thebanorum,
536 2107 601 2159 quos
611 2088 763 2160 naufragio
782 2089 885 2156 perisse

81 2169 196 2221 constat,
209 2168 236 2210 et
244 2158 407 2211 Arthetauri
419 2161 508 2211 c'ueds's
517 2160 583 2212 milti
595 2160 731 2213 reddenda
743 2159 817 2210 ratio
829 2169 884 2212 est.-

79 2230 109 2280 in
120 2244 172 2293 quc
185 2239 274 2281 tamen
286 2228 356 2281 nihil
366 2232 442 2282 ultra
451 2229 590 2292 obiicitur,
600 2246 682 2298 assam
692 2228 885 2300 interfectores

80 2298 137 2350 eius
148 2298 177 2350 in
189 2314 272 2366 regno
283 2303 419 2353 exsulasse
439 2317 505 2353 meo.
545 2299 630 2352 Cuius
651 2298 813 2352 conditionis
833 2299 884 2351 s‘m'·

81 2367 215 2435 quitatem
224 2367 267 2419 ita
278 2385 332 2422 non
342 2386 401 2424 sum
411 2379 601 2435 recusaturus,
612 2371 636 2422 si
645 2386 690 2421 ros
700 2384 803 2436 quoque
814 2368 885 2420 nccs‘·

77 2437 156 2508 Pili&
172 2447 213 2501 ul,
232 2437 382 2509 quicunqne
393 2444 497 2495 exsules
507 2441 537 2494 in
547 2437 847 2494 ltalismuutllomem
857 2451 885 2487 se

76 2511 266 2572 coutulerunt,
286 2508 330 2562 llis
346 2510 651 2586 sucinorum,nro1ster
671 2524 739 2576 quoe
761 2502 886 2558 damnati

62 2589 147 2644 sant,
171 2591 362 2639 auctoressos
377 2582 471 2661 faisse
490 2579 657 2656 fateamini.
690 2573 788 2624 sunus
805 2583 895 2644 sensis

51 2652 246 2722 recusabitis,
268 2668 299 2715 et
313 2677 412 2719 omncs
423 2657 502 2718 aliae
514 2660 632 2737 gentes,
652 2658 703 2711 ego
719 2651 825 2706 quoque
841 2642 910 2682 usses
