<?xml version="1.0" encoding="UTF-8"?>
<!DOCTYPE html PUBLIC "-//W3C//DTD XHTML 1.0 Transitional//EN"
    "http://www.w3.org/TR/xhtml1/DTD/xhtml1-transitional.dtd">
<html xmlns="http://www.w3.org/1999/xhtml" xml:lang="en" lang="en">
 <head>
  <title>
</title>
<meta http-equiv="Content-Type" content="text/html;charset=utf-8" />
  <meta name='ocr-system' content='tesseract 3.04.00' />
  <meta name='ocr-capabilities' content='ocr_page ocr_carea ocr_par ocr_line ocrx_word'/>
</head>
<body>
  <div class='ocr_page' id='page_1' title='image "./tliviipatavinih01livigoog_0265.png"; bbox 0 0 1860 2994; ppageno 0'>
   <div class='ocr_carea' id='block_1_1' title="bbox 78 113 732 183">
    <p class='ocr_par' dir='ltr' id='par_1_1' title="bbox 78 113 732 183">
     <span class='ocr_line' id='line_1_1' title="bbox 78 113 732 183; baseline -0.018 -7"><span class='ocrx_word' id='word_1_1' title='bbox 78 119 133 177; x_wconf 78' lang='grc'><strong>264</strong></span> <span class='ocrx_word' id='word_1_2' title='bbox 218 120 251 169; x_wconf 88' lang='grc' dir='ltr'><strong>Τ.</strong></span> <span class='ocrx_word' id='word_1_3' title='bbox 271 114 379 167; x_wconf 88' lang='lat' dir='ltr'><strong>lell</strong></span> <span class='ocrx_word' id='word_1_4' title='bbox 402 113 447 182; x_wconf 87' lang='lat' dir='ltr'><strong>[U.</strong></span> <span class='ocrx_word' id='word_1_5' title='bbox 460 115 489 166; x_wconf 90' lang='lat' dir='ltr'><strong>C.</strong></span> <span class='ocrx_word' id='word_1_6' title='bbox 502 115 561 168; x_wconf 77' lang='lat'><strong>583.</strong></span> <span class='ocrx_word' id='word_1_7' title='bbox 571 114 605 164; x_wconf 80' lang='lat' dir='ltr'><strong>A.</strong></span> <span class='ocrx_word' id='word_1_8' title='bbox 619 114 649 165; x_wconf 84' lang='lat' dir='ltr'><strong>C.</strong></span> <span class='ocrx_word' id='word_1_9' title='bbox 662 116 732 183; x_wconf 62' lang='lat'><strong>169]</strong></span> 
     </span>
    </p>
   </div>
   <div class='ocr_carea' id='block_1_2' title="bbox 79 220 887 293">
    <p class='ocr_par' dir='ltr' id='par_1_2' title="bbox 79 220 887 293">
     <span class='ocr_line' id='line_1_2' title="bbox 79 220 887 293; baseline -0.006 -12"><span class='ocrx_word' id='word_1_10' title='bbox 79 237 124 281; x_wconf 89' lang='lat' dir='ltr'><strong>ter</strong></span> <span class='ocrx_word' id='word_1_11' title='bbox 142 226 227 278; x_wconf 90' lang='lat' dir='ltr'><strong>Dium</strong></span> <span class='ocrx_word' id='word_1_12' title='bbox 242 224 415 290; x_wconf 78' lang='lat' dir='ltr'><strong>Tempeque,</strong></span> <span class='ocrx_word' id='word_1_13' title='bbox 434 222 464 271; x_wconf 92' lang='lat' dir='ltr'><strong>in</strong></span> <span class='ocrx_word' id='word_1_14' title='bbox 476 234 546 285; x_wconf 89' lang='lat' dir='ltr'><strong>rupe</strong></span> <span class='ocrx_word' id='word_1_15' title='bbox 562 220 638 271; x_wconf 90' lang='lat' dir='ltr'><strong>amni</strong></span> <span class='ocrx_word' id='word_1_16' title='bbox 655 221 821 277; x_wconf 82' lang='lat' dir='ltr'><strong>imminente</strong></span> <span class='ocrx_word' id='word_1_17' title='bbox 839 238 887 293; x_wconf 72' lang='lat' dir='ltr'><strong>pa</strong></span> 
     </span>
    </p>
   </div>
   <div class='ocr_carea' id='block_1_3' title="bbox 71 299 885 2662">
    <p class='ocr_par' dir='ltr' id='par_1_3' title="bbox 79 299 172 352">
     <span class='ocr_line' id='line_1_3' title="bbox 79 299 172 352; baseline -0.065 0"><span class='ocrx_word' id='word_1_18' title='bbox 79 299 172 352; x_wconf 86' lang='lat' dir='ltr'><strong>situm.</strong></span> 
     </span>
    </p>

    <p class='ocr_par' dir='ltr' id='par_1_4' title="bbox 71 358 885 2662">
     <span class='ocr_line' id='line_1_4' title="bbox 131 358 883 429; baseline -0.001 -13"><span class='ocrx_word' id='word_1_19' title='bbox 131 364 178 416; x_wconf 84' lang='lat' dir='ltr'><strong>lX.</strong></span> <span class='ocrx_word' id='word_1_20' title='bbox 201 360 353 429; x_wconf 78' lang='lat' dir='ltr'><strong>Popillius,</strong></span> <span class='ocrx_word' id='word_1_21' title='bbox 373 358 534 428; x_wconf 87' lang='lat' dir='ltr'><strong>priusquam</strong></span> <span class='ocrx_word' id='word_1_22' title='bbox 550 366 673 412; x_wconf 89' lang='lat' dir='ltr'><strong>armatos</strong></span> <span class='ocrx_word' id='word_1_23' title='bbox 692 362 781 412; x_wconf 92' lang='lat' dir='ltr'><strong>muris</strong></span> <span class='ocrx_word' id='word_1_24' title='bbox 793 361 883 417; x_wconf 60' lang='lat' dir='ltr'><strong>adore</strong></span> 
     </span>
     <span class='ocr_line' id='line_1_5' title="bbox 78 428 884 499; baseline 0.002 -14"><span class='ocrx_word' id='word_1_25' title='bbox 78 439 166 497; x_wconf 80' lang='lat' dir='ltr'><strong>verat,</strong></span> <span class='ocrx_word' id='word_1_26' title='bbox 177 433 263 494; x_wconf 84' lang='lat' dir='ltr'><strong>misit,</strong></span> <span class='ocrx_word' id='word_1_27' title='bbox 274 430 321 499; x_wconf 89' lang='lat' dir='ltr'><strong>qui</strong></span> <span class='ocrx_word' id='word_1_28' title='bbox 330 430 543 495; x_wconf 82' lang='lat' dir='ltr'><strong>magistratibus</strong></span> <span class='ocrx_word' id='word_1_29' title='bbox 554 428 778 498; x_wconf 87' lang='lat' dir='ltr'><strong>principibusque</strong></span> <span class='ocrx_word' id='word_1_30' title='bbox 788 432 884 487; x_wconf 82' lang='lat' dir='ltr'><strong>suade·</strong></span> 
     </span>
     <span class='ocr_line' id='line_1_6' title="bbox 78 498 884 568; baseline -0.012 -9"><span class='ocrx_word' id='word_1_31' title='bbox 78 510 152 567; x_wconf 88' lang='lat' dir='ltr'><strong>rent,</strong></span> <span class='ocrx_word' id='word_1_32' title='bbox 162 502 246 554; x_wconf 85' lang='lat' dir='ltr'><strong>tidem</strong></span> <span class='ocrx_word' id='word_1_33' title='bbox 256 499 491 567; x_wconf 81' lang='lat' dir='ltr'><strong>clementiamque</strong></span> <span class='ocrx_word' id='word_1_34' title='bbox 502 498 707 563; x_wconf 83' lang='lat' dir='ltr'><strong>Romanorum,</strong></span> <span class='ocrx_word' id='word_1_35' title='bbox 726 515 812 568; x_wconf 80' lang='lat' dir='ltr'><strong>quam</strong></span> <span class='ocrx_word' id='word_1_36' title='bbox 821 503 884 567; x_wconf 70' lang='lat' dir='ltr'><strong>fin,</strong></span> 
     </span>
     <span class='ocr_line' id='line_1_7' title="bbox 79 567 884 642; baseline -0.006 -14"><span class='ocrx_word' id='word_1_37' title='bbox 79 573 202 641; x_wconf 85' lang='lat' dir='ltr'><strong>experiri</strong></span> <span class='ocrx_word' id='word_1_38' title='bbox 211 569 335 623; x_wconf 89' lang='lat' dir='ltr'><strong>mallent.</strong></span> <span class='ocrx_word' id='word_1_39' title='bbox 371 567 451 621; x_wconf 88' lang='lat' dir='ltr'><strong>Nihil</strong></span> <span class='ocrx_word' id='word_1_40' title='bbox 465 585 499 623; x_wconf 86' lang='lat' dir='ltr'><strong>ea</strong></span> <span class='ocrx_word' id='word_1_41' title='bbox 510 569 629 620; x_wconf 86' lang='lat' dir='ltr'><strong>consilia</strong></span> <span class='ocrx_word' id='word_1_42' title='bbox 639 576 798 636; x_wconf 74' lang='lat' dir='ltr'><strong>moverunt,</strong></span> <span class='ocrx_word' id='word_1_43' title='bbox 821 572 884 642; x_wconf 78' lang='lat' dir='ltr'><strong>quis</strong></span> 
     </span>
     <span class='ocr_line' id='line_1_8' title="bbox 77 639 883 712; baseline -0.006 -14"><span class='ocrx_word' id='word_1_44' title='bbox 77 647 158 712; x_wconf 83' lang='lat' dir='ltr'><strong>ignes</strong></span> <span class='ocrx_word' id='word_1_45' title='bbox 171 641 207 694; x_wconf 91' lang='lat' dir='ltr'><strong>ad</strong></span> <span class='ocrx_word' id='word_1_46' title='bbox 216 639 354 706; x_wconf 87' lang='lat' dir='ltr'><strong>Enipeum</strong></span> <span class='ocrx_word' id='word_1_47' title='bbox 365 653 400 691; x_wconf 87' lang='lat' dir='ltr'><strong>ex</strong></span> <span class='ocrx_word' id='word_1_48' title='bbox 409 640 484 706; x_wconf 85' lang='lat' dir='ltr'><strong>regis</strong></span> <span class='ocrx_word' id='word_1_49' title='bbox 494 639 594 690; x_wconf 86' lang='lat' dir='ltr'><strong>castris</strong></span> <span class='ocrx_word' id='word_1_50' title='bbox 605 640 786 707; x_wconf 75' lang='lat' dir='ltr'><strong>apparebant.</strong></span> <span class='ocrx_word' id='word_1_51' title='bbox 813 642 883 695; x_wconf 80' lang='lat' dir='ltr'><strong>Tun</strong></span> 
     </span>
     <span class='ocr_line' id='line_1_9' title="bbox 78 708 884 777; baseline -0.004 -10"><span class='ocrx_word' id='word_1_52' title='bbox 78 722 157 767; x_wconf 87' lang='lat' dir='ltr'><strong>terra</strong></span> <span class='ocrx_word' id='word_1_53' title='bbox 170 711 297 777; x_wconf 89' lang='lat' dir='ltr'><strong>marique</strong></span> <span class='ocrx_word' id='word_1_54' title='bbox 314 711 363 776; x_wconf 83' lang='lat' dir='ltr'><strong>(et</strong></span> <span class='ocrx_word' id='word_1_55' title='bbox 379 708 478 760; x_wconf 88' lang='lat' dir='ltr'><strong>classis</strong></span> <span class='ocrx_word' id='word_1_56' title='bbox 494 709 611 776; x_wconf 88' lang='lat' dir='ltr'><strong>appulsa</strong></span> <span class='ocrx_word' id='word_1_57' title='bbox 625 710 661 761; x_wconf 89' lang='lat' dir='ltr'><strong>ab</strong></span> <span class='ocrx_word' id='word_1_58' title='bbox 676 709 764 763; x_wconf 86' lang='lat' dir='ltr'><strong>litora</strong></span> <span class='ocrx_word' id='word_1_59' title='bbox 774 711 884 773; x_wconf 88' lang='lat' dir='ltr'><strong>stabat)</strong></span> 
     </span>
     <span class='ocr_line' id='line_1_10' title="bbox 78 776 883 848; baseline -0.001 -13"><span class='ocrx_word' id='word_1_60' title='bbox 78 782 162 836; x_wconf 90' lang='lat' dir='ltr'><strong>simul</strong></span> <span class='ocrx_word' id='word_1_61' title='bbox 174 781 269 844; x_wconf 87' lang='lat' dir='ltr'><strong>armis,</strong></span> <span class='ocrx_word' id='word_1_62' title='bbox 279 778 362 831; x_wconf 88' lang='lat' dir='ltr'><strong>simul</strong></span> <span class='ocrx_word' id='word_1_63' title='bbox 375 779 505 846; x_wconf 88' lang='lat' dir='ltr'><strong>operibus</strong></span> <span class='ocrx_word' id='word_1_64' title='bbox 516 776 714 848; x_wconf 69' lang='lat' dir='ltr'><strong>machinisque,</strong></span> <span class='ocrx_word' id='word_1_65' title='bbox 726 778 883 848; x_wconf 80' lang='lat' dir='ltr'><strong>oppugnari</strong></span> 
     </span>
     <span class='ocr_line' id='line_1_11' title="bbox 78 848 883 923; baseline -0.002 -17"><span class='ocrx_word' id='word_1_66' title='bbox 78 854 181 919; x_wconf 90' lang='lat' dir='ltr'><strong>coepti.</strong></span> <span class='ocrx_word' id='word_1_67' title='bbox 210 853 326 905; x_wconf 82' lang='lat' dir='ltr'><strong>iuvenes</strong></span> <span class='ocrx_word' id='word_1_68' title='bbox 338 848 424 901; x_wconf 90' lang='lat' dir='ltr'><strong>etiam</strong></span> <span class='ocrx_word' id='word_1_69' title='bbox 435 848 546 923; x_wconf 81' lang='lat' dir='ltr'><strong>qqidam</strong></span> <span class='ocrx_word' id='word_1_70' title='bbox 556 848 688 911; x_wconf 82' lang='lat' dir='ltr'><strong>Romani,</strong></span> <span class='ocrx_word' id='word_1_71' title='bbox 710 848 822 903; x_wconf 90' lang='lat' dir='ltr'><strong>ludicro</strong></span> <span class='ocrx_word' id='word_1_72' title='bbox 833 850 883 903; x_wconf 77' lang='lat' dir='ltr'><strong>cir·</strong></span> 
     </span>
     <span class='ocr_line' id='line_1_12' title="bbox 78 916 882 986; baseline -0.002 -10"><span class='ocrx_word' id='word_1_73' title='bbox 78 922 155 976; x_wconf 88' lang='lat' dir='ltr'><strong>censi</strong></span> <span class='ocrx_word' id='word_1_74' title='bbox 165 920 202 974; x_wconf 90' lang='lat' dir='ltr'><strong>ad</strong></span> <span class='ocrx_word' id='word_1_75' title='bbox 212 935 294 973; x_wconf 90' lang='lat' dir='ltr'><strong>usum</strong></span> <span class='ocrx_word' id='word_1_76' title='bbox 305 918 373 970; x_wconf 91' lang='lat' dir='ltr'><strong>belli</strong></span> <span class='ocrx_word' id='word_1_77' title='bbox 382 933 473 981; x_wconf 77' lang='lat' dir='ltr'><strong>verso,</strong></span> <span class='ocrx_word' id='word_1_78' title='bbox 493 925 602 986; x_wconf 87' lang='lat' dir='ltr'><strong>partem</strong></span> <span class='ocrx_word' id='word_1_79' title='bbox 613 916 802 973; x_wconf 84' lang='lat' dir='ltr'><strong>humillimam</strong></span> <span class='ocrx_word' id='word_1_80' title='bbox 812 916 882 973; x_wconf 71' lang='lat' dir='ltr'><strong>armi</strong></span> 
     </span>
     <span class='ocr_line' id='line_1_13' title="bbox 78 988 883 1058; baseline -0.004 -14"><span class='ocrx_word' id='word_1_81' title='bbox 78 995 219 1058; x_wconf 89' lang='lat' dir='ltr'><strong>ceperunt.</strong></span> <span class='ocrx_word' id='word_1_82' title='bbox 255 990 318 1042; x_wconf 89' lang='lat' dir='ltr'><strong>Mos</strong></span> <span class='ocrx_word' id='word_1_83' title='bbox 335 994 397 1042; x_wconf 87' lang='lat' dir='ltr'><strong>erat</strong></span> <span class='ocrx_word' id='word_1_84' title='bbox 407 994 480 1051; x_wconf 92' lang='lat' dir='ltr'><strong>tum,</strong></span> <span class='ocrx_word' id='word_1_85' title='bbox 500 988 623 1039; x_wconf 91' lang='lat' dir='ltr'><strong>nondum</strong></span> <span class='ocrx_word' id='word_1_86' title='bbox 634 988 687 1040; x_wconf 86' lang='lat' dir='ltr'><strong>hac</strong></span> <span class='ocrx_word' id='word_1_87' title='bbox 698 988 883 1043; x_wconf 74' lang='lat' dir='ltr'><strong>clmsioneln·</strong></span> 
     </span>
     <span class='ocr_line' id='line_1_14' title="bbox 77 1058 882 1125; baseline -0.004 -11"><span class='ocrx_word' id='word_1_88' title='bbox 77 1063 163 1116; x_wconf 88' lang='lat' dir='ltr'><strong>ducta</strong></span> <span class='ocrx_word' id='word_1_89' title='bbox 171 1060 271 1114; x_wconf 88' lang='lat' dir='ltr'><strong>bestiis</strong></span> <span class='ocrx_word' id='word_1_90' title='bbox 283 1059 405 1111; x_wconf 90' lang='lat' dir='ltr'><strong>omnium</strong></span> <span class='ocrx_word' id='word_1_91' title='bbox 416 1058 541 1125; x_wconf 80' lang='lat' dir='ltr'><strong>gentium</strong></span> <span class='ocrx_word' id='word_1_92' title='bbox 552 1060 655 1109; x_wconf 86' lang='lat' dir='ltr'><strong>circum</strong></span> <span class='ocrx_word' id='word_1_93' title='bbox 662 1058 882 1125; x_wconf 53' lang='lat' dir='ltr'><strong>complendam·</strong></span> 
     </span>
     <span class='ocr_line' id='line_1_15' title="bbox 76 1126 882 1199; baseline -0.005 -14"><span class='ocrx_word' id='word_1_94' title='bbox 76 1133 121 1185; x_wconf 90' lang='lat' dir='ltr'><strong>ria</strong></span> <span class='ocrx_word' id='word_1_95' title='bbox 135 1129 359 1199; x_wconf 74' lang='lat' dir='ltr'><strong>spectaculorum</strong></span> <span class='ocrx_word' id='word_1_96' title='bbox 375 1128 540 1194; x_wconf 85' lang='lat' dir='ltr'><strong>conquirere</strong></span> <span class='ocrx_word' id='word_1_97' title='bbox 559 1141 675 1193; x_wconf 83' lang='lat' dir='ltr'><strong>genera:</strong></span> <span class='ocrx_word' id='word_1_98' title='bbox 696 1142 777 1190; x_wconf 86' lang='lat' dir='ltr'><strong>narn,</strong></span> <span class='ocrx_word' id='word_1_99' title='bbox 797 1126 882 1181; x_wconf 79' lang='lat' dir='ltr'><strong>semel</strong></span> 
     </span>
     <span class='ocr_line' id='line_1_16' title="bbox 78 1197 885 1270; baseline -0.002 -17"><span class='ocrx_word' id='word_1_100' title='bbox 78 1201 236 1270; x_wconf 80' lang='lat' dir='ltr'><strong>quadrigis,</strong></span> <span class='ocrx_word' id='word_1_101' title='bbox 256 1197 343 1250; x_wconf 87' lang='lat' dir='ltr'><strong>semel</strong></span> <span class='ocrx_word' id='word_1_102' title='bbox 363 1197 506 1249; x_wconf 90' lang='lat' dir='ltr'><strong>desultore</strong></span> <span class='ocrx_word' id='word_1_103' title='bbox 520 1197 621 1260; x_wconf 89' lang='lat' dir='ltr'><strong>misso,</strong></span> <span class='ocrx_word' id='word_1_104' title='bbox 640 1198 688 1248; x_wconf 78' lang='lat' dir='ltr'><strong>rix</strong></span> <span class='ocrx_word' id='word_1_105' title='bbox 703 1198 786 1251; x_wconf 91' lang='lat' dir='ltr'><strong>unius</strong></span> <span class='ocrx_word' id='word_1_106' title='bbox 797 1197 885 1251; x_wconf 82' lang='lat' dir='ltr'><strong>horne¹</strong></span> 
     </span>
     <span class='ocr_line' id='line_1_17' title="bbox 77 1266 880 1338; baseline -0.004 -14"><span class='ocrx_word' id='word_1_107' title='bbox 77 1279 188 1338; x_wconf 88' lang='lat' dir='ltr'><strong>tempus</strong></span> <span class='ocrx_word' id='word_1_108' title='bbox 205 1275 352 1332; x_wconf 87' lang='lat' dir='ltr'><strong>utrumque</strong></span> <span class='ocrx_word' id='word_1_109' title='bbox 369 1266 537 1317; x_wconf 88' lang='lat' dir='ltr'><strong>curriculum</strong></span> <span class='ocrx_word' id='word_1_110' title='bbox 549 1266 717 1332; x_wconf 86' lang='lat' dir='ltr'><strong>complebat.</strong></span> <span class='ocrx_word' id='word_1_111' title='bbox 754 1270 880 1321; x_wconf 82' lang='lat' dir='ltr'><strong>Interce-</strong></span> 
     </span>
     <span class='ocr_line' id='line_1_18' title="bbox 77 1335 881 1406; baseline -0.005 -13"><span class='ocrx_word' id='word_1_112' title='bbox 77 1349 141 1394; x_wconf 89' lang='lat' dir='ltr'><strong>tera</strong></span> <span class='ocrx_word' id='word_1_113' title='bbox 150 1337 283 1403; x_wconf 83' lang='lat' dir='ltr'><strong>sexageni</strong></span> <span class='ocrx_word' id='word_1_114' title='bbox 294 1335 382 1387; x_wconf 85' lang='lat' dir='ltr'><strong>ferme</strong></span> <span class='ocrx_word' id='word_1_115' title='bbox 393 1335 516 1398; x_wconf 79' lang='lat' dir='ltr'><strong>iuvenes,</strong></span> <span class='ocrx_word' id='word_1_116' title='bbox 530 1335 671 1388; x_wconf 87' lang='lat' dir='ltr'><strong>interdum</strong></span> <span class='ocrx_word' id='word_1_117' title='bbox 683 1338 787 1404; x_wconf 87' lang='lat' dir='ltr'><strong>plures,</strong></span> <span class='ocrx_word' id='word_1_118' title='bbox 800 1352 881 1406; x_wconf 86' lang='lat' dir='ltr'><strong>appa·</strong></span> 
     </span>
     <span class='ocr_line' id='line_1_19' title="bbox 76 1405 881 1466; baseline -0.009 -4"><span class='ocrx_word' id='word_1_119' title='bbox 76 1408 228 1463; x_wconf 88' lang='lat' dir='ltr'><strong>ratioribns</strong></span> <span class='ocrx_word' id='word_1_120' title='bbox 238 1405 319 1466; x_wconf 91' lang='lat' dir='ltr'><strong>ludis,</strong></span> <span class='ocrx_word' id='word_1_121' title='bbox 332 1406 433 1456; x_wconf 85' lang='lat' dir='ltr'><strong>armati</strong></span> <span class='ocrx_word' id='word_1_122' title='bbox 443 1405 654 1457; x_wconf 75' lang='lat' dir='ltr'><strong>inducebantur.</strong></span> <span class='ocrx_word' id='word_1_123' title='bbox 684 1408 793 1459; x_wconf 84' lang='lat' dir='ltr'><strong>Horum</strong></span> <span class='ocrx_word' id='word_1_124' title='bbox 804 1407 881 1459; x_wconf 60' lang='lat' dir='ltr'><strong>indue</strong></span> 
     </span>
     <span class='ocr_line' id='line_1_20' title="bbox 78 1474 880 1541; baseline -0.006 -9"><span class='ocrx_word' id='word_1_125' title='bbox 78 1479 134 1533; x_wconf 92' lang='lat' dir='ltr'><strong>ctio</strong></span> <span class='ocrx_word' id='word_1_126' title='bbox 147 1480 175 1528; x_wconf 91' lang='lat' dir='ltr'><strong>in</strong></span> <span class='ocrx_word' id='word_1_127' title='bbox 186 1481 266 1541; x_wconf 91' lang='lat' dir='ltr'><strong>parto</strong></span> <span class='ocrx_word' id='word_1_128' title='bbox 276 1474 457 1525; x_wconf 78' lang='lat' dir='ltr'><strong>simulacrum</strong></span> <span class='ocrx_word' id='word_1_129' title='bbox 471 1474 644 1528; x_wconf 79' lang='lat' dir='ltr'><strong>decurrentis</strong></span> <span class='ocrx_word' id='word_1_130' title='bbox 657 1478 797 1528; x_wconf 83' lang='lat' dir='ltr'><strong>exercitus</strong></span> <span class='ocrx_word' id='word_1_131' title='bbox 808 1482 880 1539; x_wconf 87' lang='lat' dir='ltr'><strong>erat;</strong></span> 
     </span>
     <span class='ocr_line' id='line_1_21' title="bbox 76 1543 881 1614; baseline -0.001 -15"><span class='ocrx_word' id='word_1_132' title='bbox 76 1563 113 1603; x_wconf 84' lang='lat' dir='ltr'><strong>ex</strong></span> <span class='ocrx_word' id='word_1_133' title='bbox 123 1551 204 1613; x_wconf 83' lang='lat' dir='ltr'><strong>parte</strong></span> <span class='ocrx_word' id='word_1_134' title='bbox 216 1543 410 1612; x_wconf 80' lang='lat' dir='ltr'><strong>elegantioris,</strong></span> <span class='ocrx_word' id='word_1_135' title='bbox 423 1561 505 1612; x_wconf 90' lang='lat' dir='ltr'><strong>quam</strong></span> <span class='ocrx_word' id='word_1_136' title='bbox 517 1547 650 1599; x_wconf 90' lang='lat' dir='ltr'><strong>militaris</strong></span> <span class='ocrx_word' id='word_1_137' title='bbox 661 1548 741 1610; x_wconf 87' lang='lat' dir='ltr'><strong>artis,</strong></span> <span class='ocrx_word' id='word_1_138' title='bbox 759 1548 881 1614; x_wconf 90' lang='lat' dir='ltr'><strong>propior·</strong></span> 
     </span>
     <span class='ocr_line' id='line_1_22' title="bbox 77 1614 881 1684; baseline 0.002 -18"><span class='ocrx_word' id='word_1_139' title='bbox 77 1632 130 1684; x_wconf 89' lang='lat' dir='ltr'><strong>que</strong></span> <span class='ocrx_word' id='word_1_140' title='bbox 147 1614 347 1684; x_wconf 88' lang='lat' dir='ltr'><strong>gladiatorium</strong></span> <span class='ocrx_word' id='word_1_141' title='bbox 362 1630 503 1668; x_wconf 91' lang='lat' dir='ltr'><strong>armorum</strong></span> <span class='ocrx_word' id='word_1_142' title='bbox 519 1633 608 1669; x_wconf 83' lang='lat' dir='ltr'><strong>usum.</strong></span> <span class='ocrx_word' id='word_1_143' title='bbox 646 1619 736 1680; x_wconf 75' lang='lat' dir='ltr'><strong>Quum</strong></span> <span class='ocrx_word' id='word_1_144' title='bbox 754 1617 827 1668; x_wconf 84' lang='lat' dir='ltr'><strong>alios</strong></span> <span class='ocrx_word' id='word_1_145' title='bbox 838 1616 881 1668; x_wconf 88' lang='lat' dir='ltr'><strong>de·</strong></span> 
     </span>
     <span class='ocr_line' id='line_1_23' title="bbox 77 1685 881 1754; baseline -0.001 -16"><span class='ocrx_word' id='word_1_146' title='bbox 77 1703 172 1738; x_wconf 90' lang='lat' dir='ltr'><strong>cursus</strong></span> <span class='ocrx_word' id='word_1_147' title='bbox 184 1685 337 1737; x_wconf 80' lang='lat' dir='ltr'><strong>edidissent</strong></span> <span class='ocrx_word' id='word_1_148' title='bbox 347 1693 447 1750; x_wconf 92' lang='lat' dir='ltr'><strong>motus,</strong></span> <span class='ocrx_word' id='word_1_149' title='bbox 454 1688 590 1754; x_wconf 88' lang='lat' dir='ltr'><strong>quadrato</strong></span> <span class='ocrx_word' id='word_1_150' title='bbox 603 1688 714 1754; x_wconf 87' lang='lat' dir='ltr'><strong>agmine</strong></span> <span class='ocrx_word' id='word_1_151' title='bbox 727 1687 815 1751; x_wconf 83' lang='lat' dir='ltr'><strong>facto,</strong></span> <span class='ocrx_word' id='word_1_152' title='bbox 825 1700 881 1739; x_wconf 86' lang='lat' dir='ltr'><strong>scu·</strong></span> 
     </span>
     <span class='ocr_line' id='line_1_24' title="bbox 76 1755 881 1823; baseline 0 -16"><span class='ocrx_word' id='word_1_153' title='bbox 76 1758 113 1808; x_wconf 91' lang='lat' dir='ltr'><strong>tis</strong></span> <span class='ocrx_word' id='word_1_154' title='bbox 124 1772 206 1823; x_wconf 88' lang='lat' dir='ltr'><strong>super</strong></span> <span class='ocrx_word' id='word_1_155' title='bbox 217 1756 309 1822; x_wconf 88' lang='lat' dir='ltr'><strong>capita</strong></span> <span class='ocrx_word' id='word_1_156' title='bbox 320 1755 454 1820; x_wconf 89' lang='lat' dir='ltr'><strong>densatis,</strong></span> <span class='ocrx_word' id='word_1_157' title='bbox 476 1761 614 1810; x_wconf 88' lang='lat' dir='ltr'><strong>stantibus</strong></span> <span class='ocrx_word' id='word_1_158' title='bbox 626 1757 733 1822; x_wconf 90' lang='lat' dir='ltr'><strong>primis,</strong></span> <span class='ocrx_word' id='word_1_159' title='bbox 753 1756 881 1807; x_wconf 78' lang='lat' dir='ltr'><strong>secundis</strong></span> 
     </span>
     <span class='ocr_line' id='line_1_25' title="bbox 76 1824 881 1894; baseline -0.002 -16"><span class='ocrx_word' id='word_1_160' title='bbox 76 1828 325 1888; x_wconf 84' lang='lat' dir='ltr'><strong>summissioribus,</strong></span> <span class='ocrx_word' id='word_1_161' title='bbox 347 1827 441 1878; x_wconf 87' lang='lat' dir='ltr'><strong>tertiis</strong></span> <span class='ocrx_word' id='word_1_162' title='bbox 452 1828 541 1894; x_wconf 79' lang='lat' dir='ltr'><strong>magis</strong></span> <span class='ocrx_word' id='word_1_163' title='bbox 551 1833 583 1882; x_wconf 68' lang='lat' dir='ltr'><strong>et,</strong></span> <span class='ocrx_word' id='word_1_164' title='bbox 592 1827 710 1892; x_wconf 89' lang='lat' dir='ltr'><strong>quartis,</strong></span> <span class='ocrx_word' id='word_1_165' title='bbox 734 1824 881 1891; x_wconf 80' lang='lat' dir='ltr'><strong>postremis</strong></span> 
     </span>
     <span class='ocr_line' id='line_1_26' title="bbox 76 1895 881 1964; baseline -0.005 -14"><span class='ocrx_word' id='word_1_166' title='bbox 76 1898 161 1950; x_wconf 83' lang='lat' dir='ltr'><strong>etiam</strong></span> <span class='ocrx_word' id='word_1_167' title='bbox 172 1912 244 1964; x_wconf 86' lang='lat' dir='ltr'><strong>genu</strong></span> <span class='ocrx_word' id='word_1_168' title='bbox 256 1896 330 1956; x_wconf 91' lang='lat' dir='ltr'><strong>nisis,</strong></span> <span class='ocrx_word' id='word_1_169' title='bbox 343 1897 592 1963; x_wconf 84' lang='lat' dir='ltr'><strong>fastigatam,sicut</strong></span> <span class='ocrx_word' id='word_1_170' title='bbox 605 1900 678 1944; x_wconf 88' lang='lat' dir='ltr'><strong>tecta</strong></span> <span class='ocrx_word' id='word_1_171' title='bbox 690 1895 881 1948; x_wconf 85' lang='lat' dir='ltr'><strong>aedificiorum</strong></span> 
     </span>
     <span class='ocr_line' id='line_1_27' title="bbox 76 1963 880 2028; baseline -0.001 -11"><span class='ocrx_word' id='word_1_172' title='bbox 76 1972 150 2028; x_wconf 90' lang='lat' dir='ltr'><strong>sunt,</strong></span> <span class='ocrx_word' id='word_1_173' title='bbox 162 1966 328 2018; x_wconf 85' lang='lat' dir='ltr'><strong>testudinem</strong></span> <span class='ocrx_word' id='word_1_174' title='bbox 340 1965 486 2015; x_wconf 85' lang='lat' dir='ltr'><strong>faciebant.</strong></span> <span class='ocrx_word' id='word_1_175' title='bbox 501 1965 576 2015; x_wconf 81' lang='lat' dir='ltr'><strong>ilinc</strong></span> <span class='ocrx_word' id='word_1_176' title='bbox 586 1963 787 2028; x_wconf 85' lang='lat' dir='ltr'><strong>quinquaginta</strong></span> <span class='ocrx_word' id='word_1_177' title='bbox 796 1966 880 2020; x_wconf 82' lang='lat' dir='ltr'><strong>ferme</strong></span> 
     </span>
     <span class='ocr_line' id='line_1_28' title="bbox 74 2032 880 2103; baseline 0.001 -16"><span class='ocrx_word' id='word_1_178' title='bbox 74 2036 175 2102; x_wconf 92' lang='lat' dir='ltr'><strong>pedum</strong></span> <span class='ocrx_word' id='word_1_179' title='bbox 195 2036 287 2103; x_wconf 92' lang='lat' dir='ltr'><strong>spatio</strong></span> <span class='ocrx_word' id='word_1_180' title='bbox 313 2033 448 2084; x_wconf 88' lang='lat' dir='ltr'><strong>distantes</strong></span> <span class='ocrx_word' id='word_1_181' title='bbox 469 2032 525 2083; x_wconf 90' lang='lat' dir='ltr'><strong>duo</strong></span> <span class='ocrx_word' id='word_1_182' title='bbox 548 2033 649 2083; x_wconf 86' lang='lat' dir='ltr'><strong>armati</strong></span> <span class='ocrx_word' id='word_1_183' title='bbox 669 2038 880 2098; x_wconf 78' lang='lat' dir='ltr'><strong>procurrebant,</strong></span> 
     </span>
     <span class='ocr_line' id='line_1_29' title="bbox 75 2101 880 2169; baseline 0 -13"><span class='ocrx_word' id='word_1_184' title='bbox 75 2105 291 2169; x_wconf 86' lang='lat' dir='ltr'><strong>comminatique</strong></span> <span class='ocrx_word' id='word_1_185' title='bbox 306 2101 380 2156; x_wconf 87' lang='lat' dir='ltr'><strong>inter</strong></span> <span class='ocrx_word' id='word_1_186' title='bbox 394 2118 436 2162; x_wconf 91' lang='lat' dir='ltr'><strong>se,</strong></span> <span class='ocrx_word' id='word_1_187' title='bbox 459 2102 493 2152; x_wconf 90' lang='lat' dir='ltr'><strong>ab</strong></span> <span class='ocrx_word' id='word_1_188' title='bbox 505 2101 561 2153; x_wconf 90' lang='lat' dir='ltr'><strong>ima</strong></span> <span class='ocrx_word' id='word_1_189' title='bbox 572 2101 601 2150; x_wconf 91' lang='lat' dir='ltr'><strong>in</strong></span> <span class='ocrx_word' id='word_1_190' title='bbox 613 2116 749 2154; x_wconf 86' lang='lat' dir='ltr'><strong>summam</strong></span> <span class='ocrx_word' id='word_1_191' title='bbox 761 2105 880 2158; x_wconf 88' lang='lat' dir='ltr'><strong>testudi-</strong></span> 
     </span>
     <span class='ocr_line' id='line_1_30' title="bbox 74 2171 881 2239; baseline -0.001 -14"><span class='ocrx_word' id='word_1_192' title='bbox 74 2190 138 2226; x_wconf 89' lang='lat' dir='ltr'><strong>nem</strong></span> <span class='ocrx_word' id='word_1_193' title='bbox 156 2189 205 2239; x_wconf 93' lang='lat' dir='ltr'><strong>per</strong></span> <span class='ocrx_word' id='word_1_194' title='bbox 216 2171 333 2223; x_wconf 88' lang='lat' dir='ltr'><strong>densata</strong></span> <span class='ocrx_word' id='word_1_195' title='bbox 343 2176 423 2222; x_wconf 86' lang='lat' dir='ltr'><strong>scuta</strong></span> <span class='ocrx_word' id='word_1_196' title='bbox 434 2185 517 2237; x_wconf 93' lang='lat' dir='ltr'><strong>quum</strong></span> <span class='ocrx_word' id='word_1_197' title='bbox 529 2171 697 2232; x_wconf 89' lang='lat' dir='ltr'><strong>evasissent,</strong></span> <span class='ocrx_word' id='word_1_198' title='bbox 720 2189 796 2227; x_wconf 92' lang='lat' dir='ltr'><strong>nunc</strong></span> <span class='ocrx_word' id='word_1_199' title='bbox 806 2176 881 2228; x_wconf 82' lang='lat' dir='ltr'><strong>velut</strong></span> 
     </span>
     <span class='ocr_line' id='line_1_31' title="bbox 74 2241 882 2309; baseline 0.004 -17"><span class='ocrx_word' id='word_1_200' title='bbox 74 2246 279 2309; x_wconf 85' lang='lat' dir='ltr'><strong>propugnantes</strong></span> <span class='ocrx_word' id='word_1_201' title='bbox 296 2254 346 2307; x_wconf 86' lang='lat' dir='ltr'><strong>per</strong></span> <span class='ocrx_word' id='word_1_202' title='bbox 358 2254 421 2291; x_wconf 88' lang='lat' dir='ltr'><strong>oras</strong></span> <span class='ocrx_word' id='word_1_203' title='bbox 432 2247 574 2293; x_wconf 85' lang='lat' dir='ltr'><strong>extremae</strong></span> <span class='ocrx_word' id='word_1_204' title='bbox 584 2241 749 2304; x_wconf 89' lang='lat' dir='ltr'><strong>testudinis,</strong></span> <span class='ocrx_word' id='word_1_205' title='bbox 769 2261 843 2297; x_wconf 89' lang='lat' dir='ltr'><strong>nunc</strong></span> <span class='ocrx_word' id='word_1_206' title='bbox 852 2244 882 2295; x_wconf 91' lang='lat' dir='ltr'><strong>in</strong></span> 
     </span>
     <span class='ocr_line' id='line_1_32' title="bbox 73 2310 881 2378; baseline 0 -13"><span class='ocrx_word' id='word_1_207' title='bbox 73 2311 165 2365; x_wconf 88' lang='lat' dir='ltr'><strong>media</strong></span> <span class='ocrx_word' id='word_1_208' title='bbox 174 2311 247 2361; x_wconf 86' lang='lat' dir='ltr'><strong>inter</strong></span> <span class='ocrx_word' id='word_1_209' title='bbox 256 2325 287 2362; x_wconf 89' lang='lat' dir='ltr'><strong>se</strong></span> <span class='ocrx_word' id='word_1_210' title='bbox 299 2316 506 2374; x_wconf 82' lang='lat' dir='ltr'><strong>concurrentes,</strong></span> <span class='ocrx_word' id='word_1_211' title='bbox 516 2310 591 2362; x_wconf 88' lang='lat' dir='ltr'><strong>haud</strong></span> <span class='ocrx_word' id='word_1_212' title='bbox 601 2327 681 2364; x_wconf 88' lang='lat' dir='ltr'><strong>secus</strong></span> <span class='ocrx_word' id='word_1_213' title='bbox 693 2327 774 2378; x_wconf 90' lang='lat' dir='ltr'><strong>quam</strong></span> <span class='ocrx_word' id='word_1_214' title='bbox 786 2311 881 2365; x_wconf 87' lang='lat' dir='ltr'><strong>stabili</strong></span> 
     </span>
     <span class='ocr_line' id='line_1_33' title="bbox 75 2379 880 2448; baseline 0.001 -14"><span class='ocrx_word' id='word_1_215' title='bbox 75 2383 136 2434; x_wconf 89' lang='lat' dir='ltr'><strong>solo</strong></span> <span class='ocrx_word' id='word_1_216' title='bbox 148 2379 349 2448; x_wconf 85' lang='lat' dir='ltr'><strong>persultabant.</strong></span> <span class='ocrx_word' id='word_1_217' title='bbox 386 2380 463 2432; x_wconf 87' lang='lat' dir='ltr'><strong>Huic</strong></span> <span class='ocrx_word' id='word_1_218' title='bbox 479 2381 593 2433; x_wconf 89' lang='lat' dir='ltr'><strong>testudo</strong></span> <span class='ocrx_word' id='word_1_219' title='bbox 604 2381 750 2432; x_wconf 90' lang='lat' dir='ltr'><strong>simillima</strong></span> <span class='ocrx_word' id='word_1_220' title='bbox 760 2380 880 2435; x_wconf 89' lang='lat' dir='ltr'><strong>humilli-</strong></span> 
     </span>
     <span class='ocr_line' id='line_1_34' title="bbox 74 2450 880 2518; baseline -0.002 -14"><span class='ocrx_word' id='word_1_221' title='bbox 74 2468 136 2505; x_wconf 86' lang='lat' dir='ltr'><strong>mae</strong></span> <span class='ocrx_word' id='word_1_222' title='bbox 148 2450 221 2518; x_wconf 90' lang='lat' dir='ltr'><strong>parti</strong></span> <span class='ocrx_word' id='word_1_223' title='bbox 230 2450 303 2502; x_wconf 91' lang='lat' dir='ltr'><strong>muri</strong></span> <span class='ocrx_word' id='word_1_224' title='bbox 315 2450 439 2503; x_wconf 91' lang='lat' dir='ltr'><strong>admota.</strong></span> <span class='ocrx_word' id='word_1_225' title='bbox 476 2452 568 2513; x_wconf 73' lang='lat' dir='ltr'><strong>Quum</strong></span> <span class='ocrx_word' id='word_1_226' title='bbox 579 2450 678 2502; x_wconf 71' lang='lat' dir='ltr'><strong>armati</strong></span> <span class='ocrx_word' id='word_1_227' title='bbox 689 2459 880 2517; x_wconf 86' lang='lat' dir='ltr'><strong>superstantes</strong></span> 
     </span>
     <span class='ocr_line' id='line_1_35' title="bbox 75 2520 880 2589; baseline -0.004 -15"><span class='ocrx_word' id='word_1_228' title='bbox 75 2522 223 2582; x_wconf 89' lang='lat' dir='ltr'><strong>subissent,</strong></span> <span class='ocrx_word' id='word_1_229' title='bbox 242 2520 496 2589; x_wconf 82' lang='lat' dir='ltr'><strong>propugnatoribus</strong></span> <span class='ocrx_word' id='word_1_230' title='bbox 508 2521 580 2571; x_wconf 90' lang='lat' dir='ltr'><strong>muri</strong></span> <span class='ocrx_word' id='word_1_231' title='bbox 592 2521 708 2586; x_wconf 85' lang='lat' dir='ltr'><strong>fastigio</strong></span> <span class='ocrx_word' id='word_1_232' title='bbox 720 2520 880 2572; x_wconf 81' lang='lat' dir='ltr'><strong>altitudinis</strong></span> 
     </span>
     <span class='ocr_line' id='line_1_36' title="bbox 71 2589 879 2662; baseline -0.002 -20"><span class='ocrx_word' id='word_1_233' title='bbox 71 2592 277 2660; x_wconf 81' lang='lat' dir='ltr'><strong>aequabantur:</strong></span> <span class='ocrx_word' id='word_1_234' title='bbox 296 2590 473 2662; x_wconf 88' lang='lat' dir='ltr'><strong>depulsisque</strong></span> <span class='ocrx_word' id='word_1_235' title='bbox 489 2590 539 2653; x_wconf 84' lang='lat' dir='ltr'><strong>iis,</strong></span> <span class='ocrx_word' id='word_1_236' title='bbox 559 2591 589 2640; x_wconf 87' lang='lat' dir='ltr'><strong>in</strong></span> <span class='ocrx_word' id='word_1_237' title='bbox 607 2591 703 2640; x_wconf 84' lang='lat' dir='ltr'><strong>urbem</strong></span> <span class='ocrx_word' id='word_1_238' title='bbox 714 2590 834 2642; x_wconf 86' lang='lat' dir='ltr'><strong>duorum</strong></span> <span class='ocrx_word' id='word_1_239' title='bbox 845 2589 879 2641; x_wconf 89' lang='lat' dir='ltr'><strong>si-</strong></span> 
     </span>
    </p>
   </div>
   <div class='ocr_carea' id='block_1_4' title="bbox 56 2656 892 2728">
    <p class='ocr_par' dir='ltr' id='par_1_5' title="bbox 56 2656 892 2728">
     <span class='ocr_line' id='line_1_37' title="bbox 56 2656 892 2728; baseline -0.018 -12"><span class='ocrx_word' id='word_1_240' title='bbox 56 2679 181 2728; x_wconf 70' lang='lat' dir='ltr'><strong>gnorum</strong></span> <span class='ocrx_word' id='word_1_241' title='bbox 193 2664 304 2724; x_wconf 87' lang='lat' dir='ltr'><strong>milites</strong></span> <span class='ocrx_word' id='word_1_242' title='bbox 317 2661 571 2725; x_wconf 80' lang='lat' dir='ltr'><strong>transcenderunt.</strong></span> <span class='ocrx_word' id='word_1_243' title='bbox 587 2656 892 2715; x_wconf 53' lang='lat' dir='ltr'><strong>tarantasiensem</strong></span> 
     </span>
    </p>
   </div>
   <div class='ocr_carea' id='block_1_5' title="bbox 0 0 934 2994">
    <p class='ocr_par' dir='ltr' id='par_1_6' title="bbox 0 0 934 2994">
     <span class='ocr_line' id='line_1_38' title="bbox 0 0 934 2994; baseline 0 1"><span class='ocrx_word' id='word_1_244' title='bbox 0 0 934 2994; x_wconf 95' lang='lat' dir='ltr'><strong> </strong></span> 
     </span>
    </p>
   </div>
  </div>
 </body>
</html>
