1860 2994
365 39 501 57 ..,.,,.
522 39 564 68 [ν.
581 39 841 66 e....e..¹„.‚

190 123 262 168 sam,
283 107 329 172 qui
346 121 407 156 cum
422 106 563 171 praesidio
585 105 700 155 duarum
711 105 856 155 lacensium

191 176 300 230 insulae
310 182 449 241 praeerat.
485 177 549 228 Duo
560 175 651 225 millia
662 173 782 224 militum
799 174 829 224 in
846 190 856 226 c

52 215 62 264 χ’
125 300 130 309 ,
191 250 255 298 aunt
266 245 411 310 imposita,
426 260 496 312 quae
508 245 547 296 M.
560 245 679 296 Raecius
689 249 803 309 praetor
822 258 856 295 ex

191 314 318 368 consulto
340 315 369 366 in
388 329 421 367 ca
439 320 519 380 parte
531 315 644 374 ltaliae,
664 329 734 381 quac
754 313 856 365 obiecta

191 388 246 447 eat,
270 384 447 450 conseripsit:
469 391 497 436 at
515 383 613 435 consul
630 383 767 435 Hostilius
782 384 856 449 Ap(

190 454 221 506 in
230 453 375 521 illyricum
394 468 456 505 cum
472 459 606 520 quattuor
619 452 742 504 millibus
762 451 856 519 pcditu

190 526 222 575 ut
231 522 342 575 accolae
354 522 462 590 illyrici
471 528 618 575 tutaretur
644 521 713 584 Qui,
724 536 779 573 ιιοιι
790 527 856 573 cont

170 636 180 653 ,
192 607 259 660 quae
271 592 435 654 adduxerat,
447 593 545 658 copiis,
554 591 660 643 auxilia
669 590 704 642 ab
715 591 799 643 sociis
810 606 856 643 cor

191 662 303 717 adacto
314 661 406 714 millia
415 660 555 713 homiuum
565 661 644 714 vario
655 676 755 728 genere
768 677 856 714 annac

191 737 327 800 grataque
339 731 416 783 omni
432 747 466 784 ea
481 731 611 800 regione,
633 731 667 782 ad
679 723 853 799 Lychnidum

191 801 297 853 tiorum
309 800 444 853 concedit.

242 869 277 920 X.
297 866 372 939 [12]
394 871 476 924 Haud
496 870 595 937 procui
614 872 678 924 iude
693 871 803 922 Uscana
818 885 854 937 cp

190 936 266 989 aium
276 937 441 1007 plerumque
452 940 549 994 Persei
563 947 633 993 erat.
667 941 771 993 Decem
788 940 856 992 milii

191 1005 320 1070 habebat,
332 1013 360 1061 at
369 1010 524 1075 modicum,
545 1010 689 1063 custodiae
700 1026 801 1074 causa,
823 1012 856 1062 cr

191 1078 372 1147 praesidium.
407 1080 474 1133 lude
484 1081 575 1132 nuntii
585 1081 621 1133 ad
633 1080 777 1132 Claudium
790 1095 856 1132 occu

192 1149 271 1202 bant.
293 1148 852 1233 Siprcpiuacopiaaadmcaiaaet‚paratca

190 1219 338 1300 proderent
357 1219 459 1271 urbem.
494 1219 536 1272 Et
555 1235 653 1286 operae
670 1221 793 1288 pretium
813 1236 856 1273 eea

190 1286 473 1355 amicoaqmantcm,
493 1287 633 1341 sedetiam
642 1290 741 1341 militet
758 1291 856 1356 praede

191 1371 261 1408 rum
278 1356 346 1424 Spes
354 1356 511 1440 cupiditati
523 1355 654 1410 admota'
646 1364 687 1409 uta
699 1359 856 1411 occaecavit

55 1437 60 1444 ·
134 1430 138 1437 ’
190 1430 223 1478 ut
233 1440 285 1477 nec
295 1440 329 1478 ax
340 1426 387 1489 iia,
397 1427 446 1494 qui
454 1432 600 1491 venerunt,
611 1443 774 1496 quemquam
786 1429 856 1480 retia

192 1495 317 1560 obsidet,
338 1496 439 1565 pignus
449 1495 560 1551 futuros
571 1498 649 1550 furto
661 1505 689 1550 et
700 1498 799 1550 fraude
810 1513 856 1566 age

192 1572 333 1635 poscerem
354 1583 406 1620 nec
416 1568 542 1623 mitteret
553 1567 742 1635 exploratum
762 1585 812 1621 nec
827 1569 857 1620 ιιι

192 1643 279 1704 peret.
315 1637 369 1690 Die
388 1643 498 1691 tantum
518 1645 625 1692 statuta
646 1639 788 1705 profectus
808 1654 826 1688 a
842 1639 856 1690 1

192 1707 339 1760 duodecim
351 1708 442 1760 millia
453 1710 488 1761 ab
499 1710 575 1772 urbe,
598 1708 633 1758 ad
644 1723 725 1773 quum
736 1706 856 1758 tendeba

192 1783 296 1829 castra.
328 1778 436 1838 Quarta
445 1778 511 1830 inde
520 1778 618 1844 vigilia
628 1777 707 1840 signa
717 1775 810 1834 movit,
822 1776 857 1823 mi

192 1844 228 1897 ad
240 1842 411 1912 praesidium
424 1853 580 1898 castrorum
590 1844 714 1895 relictis:
735 1843 856 1908 inccmp‹

191 1925 233 2016 pp
235 1914 353 2016 agminp
362 1913 856 2016 effuaihaufrequentea,quumpnoctpr
