1860 2994
141 40 193 73 auk
294 39 322 72 1.
343 39 384 70 ω
396 39 410 70 V
423 39 452 70 u
475 39 519 87 [U.
531 38 560 72 is.
573 38 630 75 063·
642 38 673 72 A·
684 37 715 71 [ι’.
728 37 796 90 1000]

140 143 201 179 rum
217 128 253 178 ad
268 141 379 177 uranum
395 128 586 193 silvestrisque
603 128 737 178 materiae
751 134 861 179 tantuna

141 204 174 248 ut
194 198 239 249 vel
260 211 355 246 niurus
373 198 470 258 obiici,
493 204 638 263 turresque
661 198 779 248 excitari
795 203 862 264 potu

140 269 267 332 Quorum
285 265 355 317 nihil
366 283 448 334 quum
459 265 630 333 dispexisset
640 274 755 320 caecata
764 283 862 319 mensi

70 392 73 397 ,
142 344 265 400 terrore,
284 337 396 387 nudatis
410 338 538 388 omnibus
559 337 721 403 praesidiis,
741 336 863 402 patefeci

145 406 231 471 bello,
244 407 280 460 ad
290 406 414 475 Pydnam
426 406 541 473 refugit.

198 480 257 531 Vll.
269 477 537 543 Consul‚plurinium
549 483 579 529 et
588 474 721 542 praesidii
731 480 762 527 et
771 477 863 542 speiet

146 547 175 597 in
186 547 308 598 stultitia
318 553 347 598 et
357 547 479 614 segnitie
493 545 596 608 hostis,
617 547 733 597 remisso
744 547 863 598 nuntior

146 615 308 667 Lucretium
320 617 477 680 Larissam,
496 623 530 669 ut
545 616 677 678 castella,
694 615 797 667 relicta
813 617 849 668 ab

146 683 223 736 circa
237 687 342 752 Tempe
358 699 523 754 occuparet,
544 686 698 754 praemisso
716 685 841 752 Popillio
856 700 863 737 ι

144 754 298 823 plorandos
318 759 452 809 transitus
472 758 547 809 circa
563 758 663 818 Dium,
684 761 833 823 postquam
854 768 863 823 1

142 825 240 879 omnia
249 827 279 878 in
287 840 386 878 omnes
395 836 489 894 partos
500 824 863 886 aniniadvertit,secundisc

145 896 271 962 pervenit
289 896 326 948 sd
338 895 435 948 Dium:
452 898 609 965 metarique
624 896 677 947 sub
692 895 754 961 ipso
775 892 863 963 templ

144 965 214 1032 quid
228 981 308 1019 sacro
322 966 352 1017 in
362 966 426 1019 loco
438 968 606 1030 violaretur,
627 966 720 1017 iussit.
755 965 835 1031 lpse,
853 978 863 1014 ι

144 1035 296 1105 ingressus,
307 1037 381 1089 sicut
390 1051 446 1088 non
455 1053 594 1105 magnam,
605 1037 648 1088 ita
658 1041 820 1087 exornatam
831 1048 864 1100 pn

145 1105 216 1161 locis
226 1114 257 1159 et
265 1107 444 1161 multitudine
456 1113 622 1168 statuarum,
628 1106 820 1171 munitamque
830 1117 864 1171 eg

144 1177 193 1228 vix
206 1177 276 1228 satis
292 1176 418 1239 credere,
437 1178 467 1231 in
482 1179 569 1228 tontis
581 1177 664 1228 rebus
676 1175 735 1226 sine
748 1188 864 1225 causan

143 1260 199 1297 non
211 1247 334 1313 aliquem
349 1248 463 1298 subesse
479 1246 582 1297 dolum.
619 1247 709 1297 Unum
721 1245 795 1296 diem
807 1242 844 1295 ad
856 1259 864 1295 r

143 1315 232 1367 sanda
243 1318 319 1367 circa
330 1319 576 1379 emmerammus,
597 1322 690 1367 castra
699 1321 807 1365 movet:
827 1328 864 1364 sai

143 1383 273 1447 credens,
295 1385 323 1435 io
335 1385 429 1437 Pieria
442 1384 576 1439 frumenti
591 1386 700 1453 copiam
716 1383 793 1446 fore,
814 1399 864 1436 oo<

144 1468 252 1506 amnem
268 1454 379 1507 nomine
396 1457 490 1524 Mityn
507 1460 655 1525 processit.
691 1456 809 1507 Postero
826 1454 864 1504 dic

143 1538 263 1591 messus,
275 1527 395 1594 Agassas
405 1528 510 1589 urbem,
526 1527 700 1580 tradentibus
712 1541 772 1577 sese
784 1525 864 1591 ipsis,

143 1593 200 1659 pit:
222 1600 259 1659 et,
278 1602 311 1647 ut
322 1597 492 1662 reliquorum
505 1598 690 1649 Macedonum
704 1598 812 1647 animos
823 1595 864 1644 sih

145 1663 271 1727 eiiiaret,
292 1666 437 1717 obsidibus
452 1674 615 1725 contentus,
636 1669 695 1713 sine
712 1664 855 1727 pracsidio

145 1748 231 1800 quare
246 1749 277 1785 se
291 1734 326 1785 iis
342 1736 456 1795 urbem,
477 1739 668 1797 immunesque
680 1747 713 1781 ac
723 1731 781 1779 suis
792 1730 865 1797 legit

146 1808 253 1864 eturos,
269 1810 313 1854 est
324 1803 479 1867 pollicitus.
516 1803 684 1867 Progressus
695 1799 759 1848 inde
772 1799 829 1848 diei
842 1801 865 1851 it

145 1869 298 1924 Ascordum
309 1870 412 1922 flumen
422 1871 517 1937 posuit
527 1877 633 1921 castra:
656 1874 692 1928 ct,
711 1873 844 1933 quantum
860 1886 865 1935 Ι

146 1941 227 1993 deret
237 1939 348 2005 longius
360 1940 538 2000 aTheosalia‚
547 1954 579 1991 eo
588 1939 720 1987 maiorem
728 1952 821 1987 rerum
830 1953 865 1990 on

146 2010 267 2076 inopiam
279 2010 410 2070 sentiens,
426 2023 569 2077 regressus
580 2006 614 2059 ad
627 2007 710 2058 Dium
723 2013 780 2072 cst3
801 2007 866 2063 dubi

147 2094 181 2131 ne
197 2077 323 2130 omnibus
341 2085 484 2145 exempta,
504 2077 568 2145 quid
583 2079 734 2131 intercluso
752 2081 785 2130 ab
803 2079 865 2134 'l‘ha

146 2147 305 2217 patiendum
322 2148 434 2210 fuisset,
453 2149 498 2200 cui
517 2149 613 2216 procul
623 2149 687 2201 inde
700 2151 849 2203 abscedere
862 2168 865 2200 1

147 2234 201 2270 non
213 2222 296 2270 eost.
326 2217 453 2281 Perseus,
470 2220 621 2271 contractis
634 2221 662 2271 in
674 2237 755 2270 unum
769 2222 865 2273 omnib*

147 2288 200 2358 plis
212 2287 395 2356 ducibusque,
415 2289 560 2357 increpare
571 2290 729 2357 praefectos
740 2291 865 2357 praesidi

146 2367 211 2413 ants
231 2374 326 2411 omnes
342 2359 569 2426 Asclepiodotum
590 2368 673 2430 atque
688 2362 836 2427 Hippiamr
858 2379 866 2414 s

146 2431 241 2484 dicere
260 2428 385 2483 claustra
398 2431 583 2485 Macedoniae
603 2433 709 2485 tradita
725 2432 858 2482 Romanis

140 2502 223 2555 cuius
232 2501 333 2574 culpae
343 2519 409 2558 rcus
421 2520 502 2559 nemo
512 2503 631 2567 iustius.
648 2518 733 2570 ouum
745 2501 825 2566 ipse,
843 2501 866 2550 ts

129 2572 252 2630 consuli
259 2588 422 2653 postquam
437 2598 478 2638 ex
487 2581 551 2637 alto
564 2581 721 2646 conspecta
729 2569 831 2619 classis
840 2579 866 2627 sc
