<?xml version="1.0" encoding="UTF-8"?>
<!DOCTYPE html PUBLIC "-//W3C//DTD XHTML 1.0 Transitional//EN"
    "http://www.w3.org/TR/xhtml1/DTD/xhtml1-transitional.dtd">
<html xmlns="http://www.w3.org/1999/xhtml" xml:lang="en" lang="en">
 <head>
  <title>
</title>
<meta http-equiv="Content-Type" content="text/html;charset=utf-8" />
  <meta name='ocr-system' content='tesseract 3.04.00' />
  <meta name='ocr-capabilities' content='ocr_page ocr_carea ocr_par ocr_line ocrx_word'/>
</head>
<body>
  <div class='ocr_page' id='page_1' title='image "./tliviipatavinih01livigoog_0059.png"; bbox 0 0 1860 2994; ppageno 0'>
   <div class='ocr_carea' id='block_1_1' title="bbox 69 293 721 377">
    <p class='ocr_par' dir='ltr' id='par_1_1' title="bbox 69 293 721 377">
     <span class='ocr_line' id='line_1_1' title="bbox 69 293 721 377; baseline -0.014 -6"><span class='ocrx_word' id='word_1_1' title='bbox 69 323 105 377; x_wconf 78' lang='lat' dir='ltr'>m</span> <span class='ocrx_word' id='word_1_2' title='bbox 131 352 138 365; x_wconf 88' lang='lat'><strong>.</strong></span> <span class='ocrx_word' id='word_1_3' title='bbox 217 321 251 370; x_wconf 85' lang='lat' dir='ltr'>r.</span> <span class='ocrx_word' id='word_1_4' title='bbox 272 314 380 369; x_wconf 78' lang='lat' dir='ltr'>mvn</span> <span class='ocrx_word' id='word_1_5' title='bbox 401 293 640 377; x_wconf 57' lang='lat' dir='ltr'>mesecin.</span> <span class='ocrx_word' id='word_1_6' title='bbox 655 309 721 376; x_wconf 76' lang='lat' dir='ltr'>ne]</span> 
     </span>
    </p>
   </div>
   <div class='ocr_carea' id='block_1_2' title="bbox 38 391 920 2933">
    <p class='ocr_par' dir='ltr' id='par_1_2' title="bbox 38 391 920 2933">
     <span class='ocr_line' id='line_1_2' title="bbox 71 391 874 415; baseline 0 0"><span class='ocrx_word' id='word_1_7' title='bbox 71 391 874 415; x_wconf 49' lang='lat' dir='ltr'>—fflw--U</span> 
     </span>
     <span class='ocr_line' id='line_1_3' title="bbox 68 415 874 487; baseline -0.005 -12"><span class='ocrx_word' id='word_1_8' title='bbox 68 422 155 475; x_wconf 83' lang='lat' dir='ltr'>derit:</span> <span class='ocrx_word' id='word_1_9' title='bbox 176 429 204 472; x_wconf 89' lang='lat' dir='ltr'>et</span> <span class='ocrx_word' id='word_1_10' title='bbox 213 420 291 482; x_wconf 85' lang='lat' dir='ltr'>seire,</span> <span class='ocrx_word' id='word_1_11' title='bbox 302 427 431 486; x_wconf 82' lang='lat' dir='ltr'>quantam</span> <span class='ocrx_word' id='word_1_12' title='bbox 441 419 517 470; x_wconf 81' lang='lat' dir='ltr'>selca</span> <span class='ocrx_word' id='word_1_13' title='bbox 527 416 556 470; x_wconf 84' lang='lat' dir='ltr'>in</span> <span class='ocrx_word' id='word_1_14' title='bbox 570 424 679 484; x_wconf 81' lang='lat' dir='ltr'>patrem</span> <span class='ocrx_word' id='word_1_15' title='bbox 686 415 794 483; x_wconf 81' lang='lat' dir='ltr'>pietate</span> <span class='ocrx_word' id='word_1_16' title='bbox 811 436 874 487; x_wconf 84' lang='lat' dir='ltr'>pos·</span> 
     </span>
     <span class='ocr_line' id='line_1_4' title="bbox 68 485 876 557; baseline -0.002 -14"><span class='ocrx_word' id='word_1_17' title='bbox 68 493 120 555; x_wconf 85' lang='lat' dir='ltr'>sit,</span> <span class='ocrx_word' id='word_1_18' title='bbox 140 489 258 542; x_wconf 84' lang='lat' dir='ltr'>amicum</span> <span class='ocrx_word' id='word_1_19' title='bbox 272 505 332 541; x_wconf 84' lang='lat' dir='ltr'>eum</span> <span class='ocrx_word' id='word_1_20' title='bbox 351 488 451 557; x_wconf 86' lang='lat' dir='ltr'>populo</span> <span class='ocrx_word' id='word_1_21' title='bbox 462 486 585 540; x_wconf 81' lang='lat' dir='ltr'>Romano</span> <span class='ocrx_word' id='word_1_22' title='bbox 601 502 665 538; x_wconf 73' lang='lat' dir='ltr'>esce.</span> <span class='ocrx_word' id='word_1_23' title='bbox 701 485 876 557; x_wconf 81' lang='lat' dir='ltr'>Honorisque</span> 
     </span>
     <span class='ocr_line' id='line_1_5' title="bbox 70 555 876 624; baseline -0.001 -12"><span class='ocrx_word' id='word_1_24' title='bbox 70 560 127 613; x_wconf 81' lang='lat' dir='ltr'>eius</span> <span class='ocrx_word' id='word_1_25' title='bbox 140 574 224 611; x_wconf 81' lang='lat' dir='ltr'>causo</span> <span class='ocrx_word' id='word_1_26' title='bbox 233 559 359 611; x_wconf 77' lang='lat' dir='ltr'>missuros</span> <span class='ocrx_word' id='word_1_27' title='bbox 369 558 399 610; x_wconf 82' lang='lat' dir='ltr'>in</span> <span class='ocrx_word' id='word_1_28' title='bbox 406 555 595 609; x_wconf 82' lang='lat' dir='ltr'>Macedoniam</span> <span class='ocrx_word' id='word_1_29' title='bbox 605 559 767 624; x_wconf 61' lang='lat' dir='ltr'>legemem,</span> <span class='ocrx_word' id='word_1_30' title='bbox 773 559 798 610; x_wconf 85' lang='lat' dir='ltr'>si</span> <span class='ocrx_word' id='word_1_31' title='bbox 809 558 876 624; x_wconf 80' lang='lat' dir='ltr'>quid</span> 
     </span>
     <span class='ocr_line' id='line_1_6' title="bbox 68 624 876 701; baseline -0.005 -17"><span class='ocrx_word' id='word_1_32' title='bbox 68 631 157 684; x_wconf 75' lang='lat' dir='ltr'>mium</span> <span class='ocrx_word' id='word_1_33' title='bbox 174 628 349 701; x_wconf 78' lang='lat' dir='ltr'>factumest,</span> <span class='ocrx_word' id='word_1_34' title='bbox 371 643 452 694; x_wconf 81' lang='lat' dir='ltr'>quom</span> <span class='ocrx_word' id='word_1_35' title='bbox 464 624 601 688; x_wconf 78' lang='lat' dir='ltr'>debuerit,</span> <span class='ocrx_word' id='word_1_36' title='bbox 624 634 682 677; x_wconf 83' lang='lat' dir='ltr'>tum</span> <span class='ocrx_word' id='word_1_37' title='bbox 698 643 802 693; x_wconf 78' lang='lat' dir='ltr'>quoque</span> <span class='ocrx_word' id='word_1_38' title='bbox 817 628 876 680; x_wconf 84' lang='lat' dir='ltr'>sine</span> 
     </span>
     <span class='ocr_line' id='line_1_7' title="bbox 64 694 875 769; baseline -0.005 -17"><span class='ocrx_word' id='word_1_39' title='bbox 64 701 176 769; x_wconf 79' lang='lat' dir='ltr'>piaculo</span> <span class='ocrx_word' id='word_1_40' title='bbox 195 715 287 750; x_wconf 83' lang='lat' dir='ltr'>rerum</span> <span class='ocrx_word' id='word_1_41' title='bbox 303 696 563 766; x_wconf 77' lang='lat' dir='ltr'>praetermissorum</span> <span class='ocrx_word' id='word_1_42' title='bbox 579 695 646 766; x_wconf 79' lang='lat' dir='ltr'>stat.</span> <span class='ocrx_word' id='word_1_43' title='bbox 698 694 771 749; x_wconf 83' lang='lat' dir='ltr'>Velle</span> <span class='ocrx_word' id='word_1_44' title='bbox 792 697 875 750; x_wconf 83' lang='lat' dir='ltr'>etiam</span> 
     </span>
     <span class='ocr_line' id='line_1_8' title="bbox 69 765 876 837; baseline -0.004 -15"><span class='ocrx_word' id='word_1_45' title='bbox 69 769 170 823; x_wconf 81' lang='lat' dir='ltr'>sentire</span> <span class='ocrx_word' id='word_1_46' title='bbox 180 767 346 836; x_wconf 74' lang='lat' dir='ltr'><strong><em>Philippum,</em></strong></span> <span class='ocrx_word' id='word_1_47' title='bbox 357 767 467 837; x_wconf 81' lang='lat' dir='ltr'>integro</span> <span class='ocrx_word' id='word_1_48' title='bbox 480 766 569 819; x_wconf 83' lang='lat' dir='ltr'>omnia</span> <span class='ocrx_word' id='word_1_49' title='bbox 580 765 632 817; x_wconf 71' lang='lat' dir='ltr'>siti</span> <span class='ocrx_word' id='word_1_50' title='bbox 642 780 703 818; x_wconf 82' lang='lat' dir='ltr'>eum</span> <span class='ocrx_word' id='word_1_51' title='bbox 709 768 811 834; x_wconf 81' lang='lat' dir='ltr'>populo</span> <span class='ocrx_word' id='word_1_52' title='bbox 821 765 876 819; x_wconf 86' lang='lat' dir='ltr'>Ro·</span> 
     </span>
     <span class='ocr_line' id='line_1_9' title="bbox 68 836 577 908; baseline -0.014 -17"><span class='ocrx_word' id='word_1_53' title='bbox 68 856 148 891; x_wconf 83' lang='lat' dir='ltr'>moue</span> <span class='ocrx_word' id='word_1_54' title='bbox 159 836 296 889; x_wconf 75' lang='lat' dir='ltr'><strong><em>Demetrii</em></strong></span> <span class='ocrx_word' id='word_1_55' title='bbox 305 836 366 908; x_wconf 77' lang='lat' dir='ltr'>filii</span> <span class='ocrx_word' id='word_1_56' title='bbox 376 836 504 904; x_wconf 83' lang='lat' dir='ltr'>beneficio</span> <span class='ocrx_word' id='word_1_57' title='bbox 515 852 577 888; x_wconf 84' lang='lat' dir='ltr'>esse.</span> 
     </span>
     <span class='ocr_line' id='line_1_10' title="bbox 121 904 876 974; baseline -0.003 -16"><span class='ocrx_word' id='word_1_58' title='bbox 121 906 244 958; x_wconf 88' lang='lat' dir='ltr'>XLVllI.</span> <span class='ocrx_word' id='word_1_59' title='bbox 263 907 352 968; x_wconf 85' lang='lat' dir='ltr'>Haec,</span> <span class='ocrx_word' id='word_1_60' title='bbox 376 922 447 972; x_wconf 90' lang='lat' dir='ltr'>quae</span> <span class='ocrx_word' id='word_1_61' title='bbox 457 906 602 974; x_wconf 79' lang='lat' dir='ltr'>augendae</span> <span class='ocrx_word' id='word_1_62' title='bbox 613 904 807 971; x_wconf 74' lang='lat' dir='ltr'><strong>amplitudinis</strong></span> <span class='ocrx_word' id='word_1_63' title='bbox 816 904 876 956; x_wconf 84' lang='lat' dir='ltr'>eius</span> 
     </span>
     <span class='ocr_line' id='line_1_11' title="bbox 38 972 876 1041; baseline -0.004 -13"><span class='ocrx_word' id='word_1_64' title='bbox 38 972 45 984; x_wconf 71' lang='lat'><em>⁶</em></span> <span class='ocrx_word' id='word_1_65' title='bbox 70 992 155 1029; x_wconf 76' lang='lat' dir='ltr'>neusa</span> <span class='ocrx_word' id='word_1_66' title='bbox 166 974 242 1027; x_wconf 83' lang='lat' dir='ltr'>iacta</span> <span class='ocrx_word' id='word_1_67' title='bbox 254 981 346 1038; x_wconf 91' lang='lat' dir='ltr'>erant,</span> <span class='ocrx_word' id='word_1_68' title='bbox 358 976 500 1041; x_wconf 87' lang='lat' dir='ltr'>extemplo</span> <span class='ocrx_word' id='word_1_69' title='bbox 512 978 541 1025; x_wconf 91' lang='lat' dir='ltr'>in</span> <span class='ocrx_word' id='word_1_70' title='bbox 553 974 687 1026; x_wconf 86' lang='lat' dir='ltr'>invidiam</span> <span class='ocrx_word' id='word_1_71' title='bbox 694 1011 703 1037; x_wconf 90' lang='lat'><em>,</em></span> <span class='ocrx_word' id='word_1_72' title='bbox 715 989 781 1025; x_wconf 88' lang='lat' dir='ltr'>mox</span> <span class='ocrx_word' id='word_1_73' title='bbox 792 975 876 1025; x_wconf 90' lang='lat' dir='ltr'>etiam</span> 
     </span>
     <span class='ocr_line' id='line_1_12' title="bbox 70 1043 877 1113; baseline -0.001 -17"><span class='ocrx_word' id='word_1_74' title='bbox 70 1046 98 1097; x_wconf 88' lang='lat' dir='ltr'>in</span> <span class='ocrx_word' id='word_1_75' title='bbox 110 1045 259 1113; x_wconf 88' lang='lat' dir='ltr'>perniciem</span> <span class='ocrx_word' id='word_1_76' title='bbox 281 1045 453 1097; x_wconf 88' lang='lat' dir='ltr'>adolescenti</span> <span class='ocrx_word' id='word_1_77' title='bbox 471 1050 624 1096; x_wconf 84' lang='lat' dir='ltr'>verterunt.</span> <span class='ocrx_word' id='word_1_78' title='bbox 661 1043 877 1096; x_wconf 88' lang='lat' dir='ltr'>Lacedaemonii</span> 
     </span>
     <span class='ocr_line' id='line_1_13' title="bbox 71 1113 877 1180; baseline -0.002 -14"><span class='ocrx_word' id='word_1_79' title='bbox 71 1115 172 1167; x_wconf 90' lang='lat' dir='ltr'>deinde</span> <span class='ocrx_word' id='word_1_80' title='bbox 183 1114 337 1166; x_wconf 87' lang='lat' dir='ltr'>introducti</span> <span class='ocrx_word' id='word_1_81' title='bbox 345 1121 419 1167; x_wconf 87' lang='lat' dir='ltr'>sunt.</span> <span class='ocrx_word' id='word_1_82' title='bbox 454 1113 563 1166; x_wconf 84' lang='lat' dir='ltr'>Multae</span> <span class='ocrx_word' id='word_1_83' title='bbox 579 1119 607 1166; x_wconf 90' lang='lat' dir='ltr'>et</span> <span class='ocrx_word' id='word_1_84' title='bbox 623 1128 724 1179; x_wconf 89' lang='lat' dir='ltr'>parvae</span> <span class='ocrx_word' id='word_1_85' title='bbox 741 1113 877 1180; x_wconf 87' lang='lat' dir='ltr'>discepta-</span> 
     </span>
     <span class='ocr_line' id='line_1_14' title="bbox 69 1183 877 1251; baseline -0.002 -15"><span class='ocrx_word' id='word_1_86' title='bbox 69 1185 162 1237; x_wconf 78' lang='lat' dir='ltr'><strong>tiones</strong></span> <span class='ocrx_word' id='word_1_87' title='bbox 173 1184 363 1238; x_wconf 84' lang='lat' dir='ltr'>iactabantur:</span> <span class='ocrx_word' id='word_1_88' title='bbox 385 1184 449 1247; x_wconf 85' lang='lat' dir='ltr'>sed,</span> <span class='ocrx_word' id='word_1_89' title='bbox 471 1199 540 1251; x_wconf 87' lang='lat' dir='ltr'>quae</span> <span class='ocrx_word' id='word_1_90' title='bbox 551 1183 671 1235; x_wconf 87' lang='lat' dir='ltr'>maxime</span> <span class='ocrx_word' id='word_1_91' title='bbox 682 1198 741 1235; x_wconf 90' lang='lat' dir='ltr'>rem</span> <span class='ocrx_word' id='word_1_92' title='bbox 752 1184 877 1234; x_wconf 88' lang='lat' dir='ltr'>contine-</span> 
     </span>
     <span class='ocr_line' id='line_1_15' title="bbox 69 1251 877 1321; baseline -0.005 -14"><span class='ocrx_word' id='word_1_93' title='bbox 69 1261 150 1318; x_wconf 87' lang='lat' dir='ltr'>rent,</span> <span class='ocrx_word' id='word_1_94' title='bbox 181 1261 279 1307; x_wconf 87' lang='lat' dir='ltr'>erant:</span> <span class='ocrx_word' id='word_1_95' title='bbox 309 1260 403 1307; x_wconf 86' lang='lat' dir='ltr'>utrum</span> <span class='ocrx_word' id='word_1_96' title='bbox 423 1255 659 1316; x_wconf 82' lang='lat' dir='ltr'>restituerentur,</span> <span class='ocrx_word' id='word_1_97' title='bbox 683 1268 752 1321; x_wconf 87' lang='lat' dir='ltr'>quos</span> <span class='ocrx_word' id='word_1_98' title='bbox 772 1251 877 1304; x_wconf 78' lang='lat' dir='ltr'>Achaei</span> 
     </span>
     <span class='ocr_line' id='line_1_16' title="bbox 69 1322 876 1391; baseline -0.001 -16"><span class='ocrx_word' id='word_1_99' title='bbox 69 1324 282 1389; x_wconf 86' lang='lat' dir='ltr'>damnaverant,</span> <span class='ocrx_word' id='word_1_100' title='bbox 301 1341 353 1378; x_wconf 89' lang='lat' dir='ltr'>nec</span> <span class='ocrx_word' id='word_1_101' title='bbox 368 1341 419 1387; x_wconf 83' lang='lat' dir='ltr'>ne;</span> <span class='ocrx_word' id='word_1_102' title='bbox 440 1327 546 1391; x_wconf 91' lang='lat' dir='ltr'>inique,</span> <span class='ocrx_word' id='word_1_103' title='bbox 569 1339 603 1375; x_wconf 92' lang='lat' dir='ltr'>an</span> <span class='ocrx_word' id='word_1_104' title='bbox 619 1324 680 1377; x_wconf 91' lang='lat' dir='ltr'>iure</span> <span class='ocrx_word' id='word_1_105' title='bbox 700 1322 876 1386; x_wconf 74' lang='lat' dir='ltr'>occidissent,</span> 
     </span>
     <span class='ocr_line' id='line_1_17' title="bbox 69 1393 876 1461; baseline -0.001 -17"><span class='ocrx_word' id='word_1_106' title='bbox 69 1409 141 1461; x_wconf 89' lang='lat' dir='ltr'>quos</span> <span class='ocrx_word' id='word_1_107' title='bbox 154 1394 323 1446; x_wconf 86' lang='lat' dir='ltr'>occiderant.</span> <span class='ocrx_word' id='word_1_108' title='bbox 351 1394 522 1448; x_wconf 80' lang='lat' dir='ltr'>vertebatur</span> <span class='ocrx_word' id='word_1_109' title='bbox 533 1398 573 1455; x_wconf 90' lang='lat' dir='ltr'>et,</span> <span class='ocrx_word' id='word_1_110' title='bbox 585 1397 679 1444; x_wconf 91' lang='lat' dir='ltr'>utrum</span> <span class='ocrx_word' id='word_1_111' title='bbox 690 1397 835 1445; x_wconf 81' lang='lat' dir='ltr'>manerent</span> <span class='ocrx_word' id='word_1_112' title='bbox 845 1393 876 1444; x_wconf 90' lang='lat' dir='ltr'>in</span> 
     </span>
     <span class='ocr_line' id='line_1_18' title="bbox 68 1461 874 1526; baseline -0.004 -11"><span class='ocrx_word' id='word_1_113' title='bbox 68 1461 189 1515; x_wconf 80' lang='lat' dir='ltr'>Achaico</span> <span class='ocrx_word' id='word_1_114' title='bbox 202 1463 320 1513; x_wconf 90' lang='lat' dir='ltr'>concilio</span> <span class='ocrx_word' id='word_1_115' title='bbox 331 1462 562 1526; x_wconf 82' lang='lat' dir='ltr'>Lacedaemonii3</span> <span class='ocrx_word' id='word_1_116' title='bbox 584 1479 630 1526; x_wconf 88' lang='lat' dir='ltr'>an,</span> <span class='ocrx_word' id='word_1_117' title='bbox 650 1469 758 1516; x_wconf 84' lang='lat' dir='ltr'>utente</span> <span class='ocrx_word' id='word_1_118' title='bbox 769 1461 874 1526; x_wconf 84' lang='lat' dir='ltr'>fuerat,</span> 
     </span>
     <span class='ocr_line' id='line_1_19' title="bbox 69 1531 876 1598; baseline 0.001 -15"><span class='ocrx_word' id='word_1_119' title='bbox 69 1538 209 1584; x_wconf 85' lang='lat' dir='ltr'>secretum</span> <span class='ocrx_word' id='word_1_120' title='bbox 221 1533 280 1583; x_wconf 91' lang='lat' dir='ltr'>eius</span> <span class='ocrx_word' id='word_1_121' title='bbox 290 1533 372 1581; x_wconf 85' lang='lat' dir='ltr'>unius</span> <span class='ocrx_word' id='word_1_122' title='bbox 386 1533 415 1583; x_wconf 92' lang='lat' dir='ltr'>in</span> <span class='ocrx_word' id='word_1_123' title='bbox 425 1531 617 1598; x_wconf 85' lang='lat' dir='ltr'>Peloponneso</span> <span class='ocrx_word' id='word_1_124' title='bbox 633 1533 757 1584; x_wconf 80' lang='lat' dir='ltr'>civitatis</span> <span class='ocrx_word' id='word_1_125' title='bbox 777 1535 820 1584; x_wconf 85' lang='lat' dir='ltr'>ius</span> <span class='ocrx_word' id='word_1_126' title='bbox 835 1547 876 1584; x_wconf 88' lang='lat' dir='ltr'>es·</span> 
     </span>
     <span class='ocr_line' id='line_1_20' title="bbox 69 1600 876 1668; baseline 0.002 -16"><span class='ocrx_word' id='word_1_127' title='bbox 69 1606 121 1653; x_wconf 89' lang='lat' dir='ltr'>set.</span> <span class='ocrx_word' id='word_1_128' title='bbox 159 1600 294 1661; x_wconf 62' lang='lat' dir='ltr'>Residui,</span> <span class='ocrx_word' id='word_1_129' title='bbox 316 1600 473 1668; x_wconf 89' lang='lat' dir='ltr'>iudiciaque</span> <span class='ocrx_word' id='word_1_130' title='bbox 484 1603 561 1653; x_wconf 83' lang='lat' dir='ltr'>facta</span> <span class='ocrx_word' id='word_1_131' title='bbox 570 1602 636 1652; x_wconf 87' lang='lat' dir='ltr'>tolli</span> <span class='ocrx_word' id='word_1_132' title='bbox 650 1602 768 1668; x_wconf 85' lang='lat' dir='ltr'>placuit:</span> <span class='ocrx_word' id='word_1_133' title='bbox 789 1604 876 1655; x_wconf 84' lang='lat' dir='ltr'>Lace·</span> 
     </span>
     <span class='ocr_line' id='line_1_21' title="bbox 70 1670 875 1740; baseline 0.004 -19"><span class='ocrx_word' id='word_1_134' title='bbox 70 1670 234 1722; x_wconf 89' lang='lat' dir='ltr'>daemonem</span> <span class='ocrx_word' id='word_1_135' title='bbox 250 1685 362 1722; x_wconf 87' lang='lat' dir='ltr'>manere</span> <span class='ocrx_word' id='word_1_136' title='bbox 372 1671 401 1719; x_wconf 92' lang='lat' dir='ltr'>in</span> <span class='ocrx_word' id='word_1_137' title='bbox 411 1671 531 1722; x_wconf 80' lang='lat' dir='ltr'>Achaico</span> <span class='ocrx_word' id='word_1_138' title='bbox 543 1673 674 1724; x_wconf 91' lang='lat' dir='ltr'>concilio:</span> <span class='ocrx_word' id='word_1_139' title='bbox 697 1673 835 1740; x_wconf 83' lang='lat' dir='ltr'>scribique</span> <span class='ocrx_word' id='word_1_140' title='bbox 846 1671 875 1724; x_wconf 89' lang='lat' dir='ltr'>id</span> 
     </span>
     <span class='ocr_line' id='line_1_22' title="bbox 70 1739 872 1808; baseline 0.004 -17"><span class='ocrx_word' id='word_1_141' title='bbox 70 1739 222 1803; x_wconf 86' lang='lat' dir='ltr'>decretum,</span> <span class='ocrx_word' id='word_1_142' title='bbox 234 1746 263 1792; x_wconf 90' lang='lat' dir='ltr'>et</span> <span class='ocrx_word' id='word_1_143' title='bbox 275 1741 434 1808; x_wconf 87' lang='lat' dir='ltr'>consignari</span> <span class='ocrx_word' id='word_1_144' title='bbox 444 1757 461 1793; x_wconf 87' lang='lat' dir='ltr'>a</span> <span class='ocrx_word' id='word_1_145' title='bbox 470 1741 702 1794; x_wconf 87' lang='lat' dir='ltr'>Lacedaemoniis</span> <span class='ocrx_word' id='word_1_146' title='bbox 714 1742 872 1794; x_wconf 80' lang='lat' dir='ltr'>etiichaeis.</span> 
     </span>
     <span class='ocr_line' id='line_1_23' title="bbox 68 1808 874 1876; baseline 0.005 -17"><span class='ocrx_word' id='word_1_147' title='bbox 68 1808 194 1876; x_wconf 82' lang='lat' dir='ltr'>Legatos</span> <span class='ocrx_word' id='word_1_148' title='bbox 205 1810 234 1861; x_wconf 91' lang='lat' dir='ltr'>in</span> <span class='ocrx_word' id='word_1_149' title='bbox 245 1810 439 1864; x_wconf 85' lang='lat' dir='ltr'>Macedoniam</span> <span class='ocrx_word' id='word_1_150' title='bbox 450 1812 483 1875; x_wconf 73' lang='lat' dir='ltr'>Q.</span> <span class='ocrx_word' id='word_1_151' title='bbox 493 1811 618 1864; x_wconf 80' lang='lat' dir='ltr'>Marcius</span> <span class='ocrx_word' id='word_1_152' title='bbox 630 1818 674 1864; x_wconf 87' lang='lat' dir='ltr'>est</span> <span class='ocrx_word' id='word_1_153' title='bbox 689 1812 804 1864; x_wconf 89' lang='lat' dir='ltr'>missus:</span> <span class='ocrx_word' id='word_1_154' title='bbox 819 1813 874 1863; x_wconf 91' lang='lat' dir='ltr'>ius·</span> 
     </span>
     <span class='ocr_line' id='line_1_24' title="bbox 69 1879 873 1948; baseline 0.002 -18"><span class='ocrx_word' id='word_1_155' title='bbox 69 1895 117 1930; x_wconf 87' lang='lat' dir='ltr'>sus</span> <span class='ocrx_word' id='word_1_156' title='bbox 127 1881 203 1933; x_wconf 87' lang='lat' dir='ltr'>idem</span> <span class='ocrx_word' id='word_1_157' title='bbox 213 1879 439 1948; x_wconf 85' lang='lat' dir='ltr'>inPeloponneso</span> <span class='ocrx_word' id='word_1_158' title='bbox 451 1883 590 1936; x_wconf 86' lang='lat' dir='ltr'>sociorum</span> <span class='ocrx_word' id='word_1_159' title='bbox 601 1898 646 1934; x_wconf 90' lang='lat' dir='ltr'>res</span> <span class='ocrx_word' id='word_1_160' title='bbox 657 1883 789 1944; x_wconf 86' lang='lat' dir='ltr'>aspicere.</span> <span class='ocrx_word' id='word_1_161' title='bbox 801 1880 873 1932; x_wconf 89' lang='lat' dir='ltr'>Nam</span> 
     </span>
     <span class='ocr_line' id='line_1_25' title="bbox 70 1948 874 2017; baseline 0.005 -17"><span class='ocrx_word' id='word_1_162' title='bbox 70 1949 111 2000; x_wconf 90' lang='lat' dir='ltr'>ibi</span> <span class='ocrx_word' id='word_1_163' title='bbox 121 1966 230 2017; x_wconf 89' lang='lat' dir='ltr'>quoquc</span> <span class='ocrx_word' id='word_1_164' title='bbox 246 1956 325 2004; x_wconf 85' lang='lat' dir='ltr'>etex</span> <span class='ocrx_word' id='word_1_165' title='bbox 338 1955 478 2005; x_wconf 85' lang='lat' dir='ltr'>veteribus</span> <span class='ocrx_word' id='word_1_166' title='bbox 494 1951 640 2004; x_wconf 77' lang='lat' dir='ltr'>discordiis</span> <span class='ocrx_word' id='word_1_167' title='bbox 655 1948 760 1998; x_wconf 84' lang='lat' dir='ltr'>residui</span> <span class='ocrx_word' id='word_1_168' title='bbox 779 1957 874 2003; x_wconf 89' lang='lat' dir='ltr'>motus</span> 
     </span>
     <span class='ocr_line' id='line_1_26' title="bbox 71 2016 875 2080; baseline 0 -9"><span class='ocrx_word' id='word_1_169' title='bbox 71 2025 165 2080; x_wconf 87' lang='lat' dir='ltr'>crant,</span> <span class='ocrx_word' id='word_1_170' title='bbox 186 2025 215 2070; x_wconf 88' lang='lat' dir='ltr'>et</span> <span class='ocrx_word' id='word_1_171' title='bbox 235 2019 540 2074; x_wconf 79' lang='lat' dir='ltr'>Messenedesciverat</span> <span class='ocrx_word' id='word_1_172' title='bbox 560 2033 578 2067; x_wconf 91' lang='lat' dir='ltr'>a</span> <span class='ocrx_word' id='word_1_173' title='bbox 598 2016 718 2068; x_wconf 89' lang='lat' dir='ltr'>concilio</span> <span class='ocrx_word' id='word_1_174' title='bbox 740 2016 875 2074; x_wconf 81' lang='lat' dir='ltr'>Achaico.</span> 
     </span>
     <span class='ocr_line' id='line_1_27' title="bbox 71 2086 875 2154; baseline 0.006 -16"><span class='ocrx_word' id='word_1_175' title='bbox 71 2087 154 2138; x_wconf 85' lang='lat' dir='ltr'>Cuius</span> <span class='ocrx_word' id='word_1_176' title='bbox 165 2086 233 2137; x_wconf 91' lang='lat' dir='ltr'>belli</span> <span class='ocrx_word' id='word_1_177' title='bbox 244 2092 273 2137; x_wconf 89' lang='lat' dir='ltr'>et</span> <span class='ocrx_word' id='word_1_178' title='bbox 285 2102 382 2137; x_wconf 81' lang='lat' dir='ltr'>causas</span> <span class='ocrx_word' id='word_1_179' title='bbox 393 2095 421 2140; x_wconf 88' lang='lat' dir='ltr'>et</span> <span class='ocrx_word' id='word_1_180' title='bbox 431 2088 557 2139; x_wconf 85' lang='lat' dir='ltr'>ordinem</span> <span class='ocrx_word' id='word_1_181' title='bbox 568 2086 594 2135; x_wconf 90' lang='lat' dir='ltr'>si</span> <span class='ocrx_word' id='word_1_182' title='bbox 606 2099 770 2150; x_wconf 84' lang='lat' dir='ltr'>expromere</span> <span class='ocrx_word' id='word_1_183' title='bbox 780 2090 875 2154; x_wconf 80' lang='lat' dir='ltr'>velim,</span> 
     </span>
     <span class='ocr_line' id='line_1_28' title="bbox 70 2155 875 2222; baseline 0.009 -16"><span class='ocrx_word' id='word_1_184' title='bbox 70 2156 219 2207; x_wconf 90' lang='lat' dir='ltr'>immemor</span> <span class='ocrx_word' id='word_1_185' title='bbox 229 2155 279 2205; x_wconf 88' lang='lat' dir='ltr'>sim</span> <span class='ocrx_word' id='word_1_186' title='bbox 290 2157 441 2222; x_wconf 88' lang='lat' dir='ltr'>propositi,</span> <span class='ocrx_word' id='word_1_187' title='bbox 462 2170 516 2222; x_wconf 91' lang='lat' dir='ltr'>quo</span> <span class='ocrx_word' id='word_1_188' title='bbox 532 2157 617 2207; x_wconf 90' lang='lat' dir='ltr'>statui</span> <span class='ocrx_word' id='word_1_189' title='bbox 632 2170 688 2206; x_wconf 90' lang='lat' dir='ltr'>nou</span> <span class='ocrx_word' id='word_1_190' title='bbox 703 2156 781 2209; x_wconf 90' lang='lat' dir='ltr'>ultra</span> <span class='ocrx_word' id='word_1_191' title='bbox 792 2162 875 2213; x_wconf 83' lang='lat' dir='ltr'>attin·</span> 
     </span>
     <span class='ocr_line' id='line_1_29' title="bbox 70 2225 920 2292; baseline 0.002 -17"><span class='ocrx_word' id='word_1_192' title='bbox 70 2239 135 2292; x_wconf 80' lang='lat' dir='ltr'>gere</span> <span class='ocrx_word' id='word_1_193' title='bbox 147 2230 270 2287; x_wconf 84' lang='lat' dir='ltr'>externa,</span> <span class='ocrx_word' id='word_1_194' title='bbox 281 2225 335 2275; x_wconf 90' lang='lat' dir='ltr'>nisi</span> <span class='ocrx_word' id='word_1_195' title='bbox 346 2240 399 2291; x_wconf 87' lang='lat' dir='ltr'>qua</span> <span class='ocrx_word' id='word_1_196' title='bbox 409 2225 541 2277; x_wconf 87' lang='lat' dir='ltr'>Romanis</span> <span class='ocrx_word' id='word_1_197' title='bbox 552 2225 737 2278; x_wconf 88' lang='lat' dir='ltr'>cohaererent</span> <span class='ocrx_word' id='word_1_198' title='bbox 747 2228 841 2282; x_wconf 86' lang='lat' dir='ltr'>rebus.</span> <span class='ocrx_word' id='word_1_199' title='bbox 882 2242 887 2248; x_wconf 82' lang='grc'><em>“</em></span> <span class='ocrx_word' id='word_1_200' title='bbox 907 2250 920 2277; x_wconf 84' lang='grc'>.·</span> 
     </span>
     <span class='ocr_line' id='line_1_30' title="bbox 121 2292 874 2367; baseline 0.012 -24"><span class='ocrx_word' id='word_1_201' title='bbox 121 2292 220 2345; x_wconf 84' lang='lat' dir='ltr'>XLIX.</span> <span class='ocrx_word' id='word_1_202' title='bbox 239 2293 363 2346; x_wconf 80' lang='lat' dir='ltr'>Eventus</span> <span class='ocrx_word' id='word_1_203' title='bbox 382 2295 571 2347; x_wconf 90' lang='lat' dir='ltr'>memorabilis</span> <span class='ocrx_word' id='word_1_204' title='bbox 594 2301 650 2358; x_wconf 84' lang='lat' dir='ltr'>est,</span> <span class='ocrx_word' id='word_1_205' title='bbox 675 2295 763 2363; x_wconf 87' lang='lat' dir='ltr'>quod,</span> <span class='ocrx_word' id='word_1_206' title='bbox 791 2315 874 2367; x_wconf 79' lang='lat' dir='ltr'>quum</span> 
     </span>
     <span class='ocr_line' id='line_1_31' title="bbox 69 2362 875 2435; baseline 0.01 -22"><span class='ocrx_word' id='word_1_207' title='bbox 69 2362 145 2413; x_wconf 90' lang='lat' dir='ltr'>bello</span> <span class='ocrx_word' id='word_1_208' title='bbox 156 2362 314 2430; x_wconf 88' lang='lat' dir='ltr'>superiores</span> <span class='ocrx_word' id='word_1_209' title='bbox 325 2371 418 2416; x_wconf 88' lang='lat' dir='ltr'>essent</span> <span class='ocrx_word' id='word_1_210' title='bbox 428 2364 540 2427; x_wconf 77' lang='lat' dir='ltr'>Achaei,</span> <span class='ocrx_word' id='word_1_211' title='bbox 548 2365 750 2433; x_wconf 86' lang='lat' dir='ltr'>Philopoemen</span> <span class='ocrx_word' id='word_1_212' title='bbox 759 2376 875 2435; x_wconf 87' lang='lat' dir='ltr'>praetor</span> 
     </span>
     <span class='ocr_line' id='line_1_32' title="bbox 70 2432 874 2505; baseline 0.011 -23"><span class='ocrx_word' id='word_1_213' title='bbox 70 2445 166 2482; x_wconf 90' lang='lat' dir='ltr'>eorum</span> <span class='ocrx_word' id='word_1_214' title='bbox 178 2432 296 2499; x_wconf 87' lang='lat' dir='ltr'>capitur,</span> <span class='ocrx_word' id='word_1_215' title='bbox 308 2433 342 2484; x_wconf 89' lang='lat' dir='ltr'>ad</span> <span class='ocrx_word' id='word_1_216' title='bbox 356 2436 613 2503; x_wconf 81' lang='lat' dir='ltr'>praeoccupandam</span> <span class='ocrx_word' id='word_1_217' title='bbox 625 2439 752 2488; x_wconf 86' lang='lat' dir='ltr'>Coronen</span> <span class='ocrx_word' id='word_1_218' title='bbox 761 2473 780 2499; x_wconf 92' lang='lat'>‚.</span> <span class='ocrx_word' id='word_1_219' title='bbox 791 2453 874 2505; x_wconf 88' lang='lat' dir='ltr'>quam</span> 
     </span>
     <span class='ocr_line' id='line_1_33' title="bbox 69 2499 874 2574; baseline 0.012 -24"><span class='ocrx_word' id='word_1_220' title='bbox 69 2499 165 2552; x_wconf 87' lang='lat' dir='ltr'>hostes</span> <span class='ocrx_word' id='word_1_221' title='bbox 175 2504 316 2568; x_wconf 88' lang='lat' dir='ltr'>petebant,</span> <span class='ocrx_word' id='word_1_222' title='bbox 326 2503 355 2556; x_wconf 91' lang='lat' dir='ltr'>in</span> <span class='ocrx_word' id='word_1_223' title='bbox 364 2505 436 2558; x_wconf 83' lang='lat' dir='ltr'>valle</span> <span class='ocrx_word' id='word_1_224' title='bbox 448 2505 542 2574; x_wconf 88' lang='lat' dir='ltr'>iniqua</span> <span class='ocrx_word' id='word_1_225' title='bbox 552 2521 614 2556; x_wconf 89' lang='lat' dir='ltr'>cum</span> <span class='ocrx_word' id='word_1_226' title='bbox 625 2506 766 2574; x_wconf 89' lang='lat' dir='ltr'>equitibus</span> <span class='ocrx_word' id='word_1_227' title='bbox 778 2511 874 2572; x_wconf 87' lang='lat' dir='ltr'>paucis</span> 
     </span>
     <span class='ocr_line' id='line_1_34' title="bbox 71 2573 874 2644; baseline 0.01 -23"><span class='ocrx_word' id='word_1_228' title='bbox 71 2585 228 2638; x_wconf 84' lang='lat' dir='ltr'>oppressus.</span> <span class='ocrx_word' id='word_1_229' title='bbox 262 2573 355 2639; x_wconf 89' lang='lat' dir='ltr'>lpsum</span> <span class='ocrx_word' id='word_1_230' title='bbox 375 2577 500 2642; x_wconf 85' lang='lat' dir='ltr'>potuisse</span> <span class='ocrx_word' id='word_1_231' title='bbox 518 2574 641 2644; x_wconf 83' lang='lat' dir='ltr'>effugere</span> <span class='ocrx_word' id='word_1_232' title='bbox 658 2575 799 2627; x_wconf 88' lang='lat' dir='ltr'>Thracum</span> <span class='ocrx_word' id='word_1_233' title='bbox 810 2578 874 2629; x_wconf 76' lang='lat' dir='ltr'>Cro-</span> 
     </span>
     <span class='ocr_line' id='line_1_35' title="bbox 70 2641 875 2715; baseline 0.007 -22"><span class='ocrx_word' id='word_1_234' title='bbox 70 2641 242 2709; x_wconf 86' lang='lat' dir='ltr'>tensiumque</span> <span class='ocrx_word' id='word_1_235' title='bbox 254 2644 359 2695; x_wconf 82' lang='lat' dir='ltr'>auxilio</span> <span class='ocrx_word' id='word_1_236' title='bbox 374 2645 501 2697; x_wconf 87' lang='lat' dir='ltr'>tradunt:</span> <span class='ocrx_word' id='word_1_237' title='bbox 521 2645 572 2697; x_wconf 86' lang='lat' dir='ltr'>sed</span> <span class='ocrx_word' id='word_1_238' title='bbox 591 2645 680 2714; x_wconf 89' lang='lat' dir='ltr'>pudor</span> <span class='ocrx_word' id='word_1_239' title='bbox 700 2644 875 2715; x_wconf 76' lang='lat' dir='ltr'>relinquendi</span> 
     </span>
     <span class='ocr_line' id='line_1_36' title="bbox 69 2698 920 2783; baseline 0.011 -22"><span class='ocrx_word' id='word_1_240' title='bbox 69 2711 186 2776; x_wconf 73' lang='lat' dir='ltr'>equites,</span> <span class='ocrx_word' id='word_1_241' title='bbox 199 2711 387 2766; x_wconf 88' lang='lat' dir='ltr'>nobilissimos</span> <span class='ocrx_word' id='word_1_242' title='bbox 397 2716 497 2783; x_wconf 82' lang='lat' dir='ltr'>gentis,</span> <span class='ocrx_word' id='word_1_243' title='bbox 510 2716 614 2781; x_wconf 88' lang='lat' dir='ltr'>abipso</span> <span class='ocrx_word' id='word_1_244' title='bbox 628 2713 820 2781; x_wconf 82' lang='lat' dir='ltr'>nuperleetcs,</span> <span class='ocrx_word' id='word_1_245' title='bbox 830 2720 873 2769; x_wconf 80' lang='lat' dir='ltr'>to·</span> <span class='ocrx_word' id='word_1_246' title='bbox 905 2698 920 2751; x_wconf 58' lang='grc' dir='ltr'>Ι</span> 
     </span>
     <span class='ocr_line' id='line_1_37' title="bbox 51 2781 920 2869; baseline 0.018 -45"><span class='ocrx_word' id='word_1_247' title='bbox 51 2781 126 2828; x_wconf 77' lang='lat' dir='ltr'>nuit</span> <span class='ocrx_word' id='word_1_248' title='bbox 167 2782 279 2845; x_wconf 84' lang='lat' dir='ltr'>Quibus</span> <span class='ocrx_word' id='word_1_249' title='bbox 301 2783 369 2838; x_wconf 89' lang='lat' dir='ltr'>dum</span> <span class='ocrx_word' id='word_1_250' title='bbox 388 2784 481 2840; x_wconf 84' lang='lat' dir='ltr'>lacurn</span> <span class='ocrx_word' id='word_1_251' title='bbox 499 2784 536 2836; x_wconf 90' lang='lat' dir='ltr'>ad</span> <span class='ocrx_word' id='word_1_252' title='bbox 554 2785 709 2837; x_wconf 79' lang='lat' dir='ltr'>eradendas</span> <span class='ocrx_word' id='word_1_253' title='bbox 727 2784 872 2853; x_wconf 65' lang='lat' dir='ltr'>inmun</span> <span class='ocrx_word' id='word_1_254' title='bbox 896 2792 920 2869; x_wconf 54' lang='lat' dir='ltr'>&gt;p</span> 
     </span>
     <span class='ocr_line' id='line_1_38' title="bbox 39 2849 920 2933; baseline 0.005 -32"><span class='ocrx_word' id='word_1_255' title='bbox 39 2849 181 2915; x_wconf 71' lang='lat' dir='ltr'>cogendo</span> <span class='ocrx_word' id='word_1_256' title='bbox 190 2855 259 2919; x_wconf 85' lang='lat' dir='ltr'>ipse</span> <span class='ocrx_word' id='word_1_257' title='bbox 270 2873 377 2928; x_wconf 78' lang='lat' dir='ltr'>agmen</span> <span class='ocrx_word' id='word_1_258' title='bbox 386 2858 527 2933; x_wconf 75' lang='lat' dir='ltr'>praebet,</span> <span class='ocrx_word' id='word_1_259' title='bbox 544 2852 881 2919; x_wconf 36' lang='lat' dir='ltr'>sasimensium&amp;</span> <span class='ocrx_word' id='word_1_260' title='bbox 897 2882 920 2915; x_wconf 58' lang='lat'>„</span> 
     </span>
    </p>
   </div>
   <div class='ocr_carea' id='block_1_3' title="bbox 0 108 934 2994">
    <p class='ocr_par' dir='ltr' id='par_1_3' title="bbox 0 108 934 2994">
     <span class='ocr_line' id='line_1_39' title="bbox 0 108 934 2994; baseline 0 0"><span class='ocrx_word' id='word_1_261' title='bbox 0 108 934 2994; x_wconf 95' lang='lat' dir='ltr'> </span> 
     </span>
    </p>
   </div>
  </div>
 </body>
</html>
