1860 2994
209 39 379 126 {sisinnptam
386 75 397 120 ,·
415 68 536 126 partem,
552 61 668 112 maxime
680 39 726 124 §ui
738 78 771 111 cx
784 60 882 112 Sicilia
896 63 923 131 f

210 132 301 183 donnus
313 146 376 180 suas
388 129 482 191 abisse,
495 139 520 180 et
532 129 649 182 lconeciues
660 130 772 181 navibus
784 131 885 181 deesse:
897 149 914 198 q

210 217 293 268 neque
305 200 469 266 stipendium
481 201 624 268 accepisse,
643 216 725 265 neque
738 200 929 252 vestimentali

209 269 358 324 Eumenem
379 275 541 335 classemque
562 271 638 334 eius,
668 279 797 338 tanquam
817 280 896 322 vento
924 297 928 314 ι

210 357 304 403 nunes,
325 341 383 394 sinc
394 358 477 395 causa
488 349 515 391 et
531 342 646 402 uenisse,
666 349 695 391 et
710 341 812 393 abisse:
833 356 918 392 neca

211 411 269 462 eius
283 411 357 479 regis
372 422 497 464 constare
512 413 580 464 satis
594 412 689 463 nisum.
726 409 804 462 Sicut
814 410 909 462 omnia
926 433 930 455 ι

210 495 291 534 mene
310 481 407 543 dubia,
429 481 516 532 Attali
530 481 642 549 egregie
658 487 833 533 constantem
849 481 905 533 fide

209 551 329 603 tiabant.

263 620 339 671 XXI.
358 619 474 686 Legatin
485 618 602 678 auditis,
619 622 686 669 tunc
698 615 818 669 debello
837 619 929 671 refem·

212 689 245 741 L.
257 688 390 740 Aemilius
403 689 483 740 dixit.
503 688 620 740 Senatus
633 687 771 751 decrevit,
782 689 852 742 utin
866 700 927 743 octo

212 775 259 813 uss
274 774 371 824 parem
381 774 521 811 numerum
536 758 708 810 tribunorum
725 762 844 813 consules
858 769 886 812 et
905 776 925 830 p

214 836 354 879 crearent.-
384 827 475 880 creari
495 836 587 880 anetem
607 829 740 882 neminem
762 848 791 883 cc
811 848 882 883 annu
899 848 930 899 p1

213 897 269 952 nisi·
280 896 327 964 qui
337 896 462 951 honorem
471 899 608 969 gessisset.
649 898 718 953 Tum
728 918 763 954 cx
773 901 892 954 omnibus

213 966 331 1021 militum
340 966 383 1019 uti
394 967 429 1021 L.
439 969 572 1022 Aemilius
585 970 616 1024 in
632 971 699 1024 duce
716 971 833 1040 legiones
849 971 880 1024 in
893 971 929 1023 M

213 1036 297 1100 uiam,
310 1054 375 1106 quos
386 1055 478 1093 eurum
488 1041 563 1106 uelit,
574 1041 675 1112 eligat,
686 1051 714 1095 et
724 1051 769 1107 ut,
781 1042 894 1096 sollenni

213 1109 422 1192 rumperscctm
432 1110 467 1162 L.
477 1111 608 1165 Aemilius
620 1114 725 1176 consui,
738 1111 785 1166 Cn.
800 1111 919 1166 Oetuniu

213 1184 272 1241 tor,
292 1194 336 1231 cm
345 1180 438 1231 classis
449 1179 601 1251 obtigisset,
622 1183 651 1234 in
659 1181 897 1249 provinciam⁸prn
925 1210 930 1229 ·

214 1255 270 1299 mr.
291 1247 410 1299 Additus
423 1255 467 1302 est
476 1250 519 1302 his
530 1252 629 1302 tertius
641 1252 673 1302 L.
684 1252 794 1300 Anicius
806 1257 922 1314 prmum·

212 1318 288 1367 inter
298 1319 460 1386 peregrinos
472 1319 632 1389 iunisdictio
644 1323 714 1370 erat.
725 1319 796 1367 Eum
807 1319 836 1367 in
847 1322 929 1384 provi

212 1385 357 1452 illyricum
380 1391 454 1440 circs
469 1388 642 1452 Lychnidum
663 1389 711 1451 Ap.
728 1386 848 1437 Claudio
868 1405 930 1442 suc
