1876 2970
178 39 234 87 196
329 39 362 84 Τ.
379 39 490 81 hlt'll
510 39 595 95 [inu.
607 39 665 81 0151.
680 39 753 76 M.
766 39 835 94 ¹7¹¹]

179 152 244 192 rum
253 138 354 189 essent.
368 133 433 184 Hae
442 136 539 182 mutua
549 128 813 181 commemoratione
822 130 890 182 meri

180 205 293 261 necessi
311 203 399 255 suuni
417 199 605 253 multitudinis
624 201 660 251 ed
681 199 774 251 omnia
800 196 890 252 decen

181 290 252 345 quae
261 273 381 326 Romani
393 271 506 324 vellent.
542 268 698 320 Secundum
712 267 768 319 lroc
780 269 890 320 concilis

201 344 242 395 ati
252 358 271 395 a
280 342 384 395 Perseo
393 355 460 409 rege
470 345 615 401 venerunt,
626 338 728 405 privati
739 338 890 391 maximeh

202 413 296 477 ducis,
302 411 376 480 quod
386 411 413 463 ei
422 417 570 477 paternum
581 424 643 460 curn
653 408 763 460 Marcio
775 414 846 460 eret.
855 409 890 461 Al

68 481 72 522 l
180 481 397 536 necessitudinis
418 479 683 531 commemoratione
701 478 773 540 orsi,
794 477 890 544 petierr

180 554 252 621 geti,
262 554 292 604 in
302 550 473 616 colloquium
482 548 611 601 veniendi
620 548 682 616 regi
693 547 890 615 potestatemir

181 622 315 683 Marcius,
326 620 403 673 Etse
414 620 456 672 ite
466 635 484 672 s
493 627 575 686 patre
585 634 633 670 suo
644 618 787 687 accepisse,
798 617 884 681 dixit,

181 690 252 745 tiens
260 689 459 758 hospitiumque
472 705 533 740 cum
544 688 675 756 Ptstsppo
688 688 795 760 feisse.-
812 686 890 741 minis

181 776 324 814 nsemorern
342 758 545 812 necessitudinis
565 758 622 810 eius
641 759 805 826 legationem
823 773 883 810 eam

33 811 75 897 ἦ
177 830 261 901 pisse.
279 827 568 895 cotroniensem
580 829 712 880 coturnosis
724 829 890 889 solerentne

181 916 211 954 se
220 914 249 953 se
258 898 426 953 dilaturam.-
435 912 517 961 nunc,
528 897 574 950 uli
581 897 703 965 primunr
710 905 810 965 posset,
820 898 859 948 sd
868 898 890 949 F

176 968 297 1042 flantes,
318 984 372 1037 qua
387 967 520 1021 sensim
531 967 564 1021 nl
574 966 698 1021 Homolio
709 965 795 1019 Dium
806 975 890 1030 esset,

182 1038 281 1103 asinis,
292 1038 340 1107 peti
347 1037 509 1092 nuntiarent
519 1037 589 1107 regi,
598 1048 734 1089 venturos.

236 1108 367 1163 XXXIX.
385 1110 422 1160 Et
432 1114 491 1158 tum
501 1107 612 1174 quidem
624 1106 659 1157 ab
668 1106 724 1157 Dio
735 1104 855 1157 Perseus
869 1104 890 1156 ir

184 1180 263 1232 riora
271 1178 353 1245 regni
362 1177 519 1243 recipitse,
539 1175 596 1227 leri
612 1189 681 1226 aura
696 1177 754 1243 spei
770 1173 890 1239 obiecta=

185 1248 311 1300 Mucius
321 1245 409 1312 ipsius
420 1259 508 1296 causa
516 1245 672 1312 suscepisse
682 1261 712 1298 se
722 1246 890 1315 legationem

186 1325 239 1369 set.
274 1315 343 1367 Post
352 1314 412 1365 dies
424 1327 526 1379 paucos
545 1314 581 1366 ad
595 1315 777 1367 constitutum
797 1316 890 1368 locum

186 1390 262 1436 runt.
297 1382 417 1450 Magnus
427 1384 576 1434 comitatus
587 1382 642 1436 ruit
656 1386 765 1454 regius,
784 1400 869 1453 quum

41 1416 79 1501 ''l-i
185 1468 261 1516 rum,
280 1457 340 1503 tunr
351 1451 508 1505 satellitum
527 1456 610 1505 turbe
630 1457 760 1522 stipante.
796 1457 861 1508 Non
882 1472 890 1508 r

31 1522 51 1559 ‘·
71 1536 78 1589 ζ,
186 1522 296 1592 agmine
306 1523 396 1591 legati
405 1528 554 1587 venerunt,
575 1530 603 1576 et
615 1525 650 1576 ab
660 1526 775 1577 Larissa
785 1526 885 1579 multis

187 1594 345 1663 quentibus‚
356 1601 385 1647 et
395 1590 583 1662 legationibus
596 1595 767 1660 civitatium,
778 1612 850 1664 quae
862 1613 890 1650 eo

186 1671 251 1717 rant
261 1664 415 1728 Larissam,
425 1670 453 1717 et
462 1665 622 1718 renuntiare
633 1665 743 1715 domurn
755 1673 842 1730 certa,
864 1682 890 1734 qr

188 1734 308 1799 dissent,
323 1735 465 1787 volebant.
500 1737 594 1788 luerat
604 1735 763 1788 curoinsite
775 1737 890 1788 mortali

188 1804 271 1854 deudi
282 1804 494 1869 congredientes
504 1805 625 1855 nobilem
635 1818 744 1872 regem,
766 1813 794 1858 et
804 1807 889 1873 popul

187 1872 258 1936 cipis
268 1877 405 1924 terrarum
416 1873 537 1923 omnium
553 1873 671 1941 legatos.
706 1875 858 1943 Postquam
880 1876 890 1927 i

187 1944 284 2006 spectu
295 1945 448 2002 steterunt,
468 1939 616 1996 dirimente
627 1959 720 2007 amne,
741 1945 890 2013 paullisper

187 2007 340 2059 nuntiando
353 2010 492 2061 cunctatio
503 2010 565 2075 fuit,
575 2015 631 2064 utri
644 2017 890 2082 transgrederentu

187 2076 253 2145 quid
265 2076 309 2128 illi
318 2078 413 2146 regiae
424 2079 576 2145 maiestati,
597 2083 702 2151 aliquid
720 2084 750 2136 lri
765 2086 860 2154 populi
873 2086 890 2138 ll

187 2145 889 2223 nomini,quumpraesertirnPerseuspetisscteollo

187 2215 385 2268 existimabant
396 2218 501 2271 deberi.
524 2221 590 2273 loco
601 2227 686 2275 etiam
696 2226 818 2278 Marcius
828 2242 890 2278 cunr

185 2285 281 2368 morit.
310 2285 412 2352 Minor,
422 2289 520 2355 inquit,
530 2293 568 2342 nd
576 2293 713 2360 maiorem,
726 2305 753 2350 et
764 2296 850 2364 (quod
861 2296 890 2348 Pl

185 2369 240 2422 rpsr
251 2369 406 2424 cognomen
416 2362 488 2421 erat)
500 2359 581 2428 filins
590 2365 741 2431 adpatrenc
752 2377 886 2420 nannet.

185 2440 349 2492 persuasum
358 2425 389 2479 id
403 2428 463 2495 regi
480 2434 531 2481 est.
567 2431 650 2485 Aliud
669 2436 767 2489 deinde
789 2437 890 2506 ambige

188 2511 249 2547 crum
259 2512 342 2565 quam
350 2497 444 2549 multis
454 2499 597 2551 transiret.
634 2505 703 2569 Rex,
715 2508 863 2559 cumomni
876 2524 890 2560 c

187 2571 218 2615 tu
227 2569 359 2633 transire,
380 2583 497 2636 aequum
509 2572 653 2627 censebat:
671 2578 759 2645 legati
771 2577 815 2630 vel
828 2593 890 2630 cum
