1860 2994
104 88 852 220 nn.xcv.cmm.1o..m.c.'5es.n.c.1e7.]enr

47 230 131 283 factis
153 245 241 297 neque
251 229 346 290 ullius,
357 243 437 295 quem
448 228 523 279 alter
530 232 654 291 notaret,
665 226 700 279 ab
711 227 801 279 altero
814 229 853 280 le·

47 306 115 353 vata
125 300 287 367 ignominia.
316 299 486 361 Petentibus,
498 303 530 348 ut
541 312 576 349 ex
586 299 718 349 instituto
731 297 767 349 ad
778 304 854 349 sarta

48 376 125 422 tecta
136 369 282 437 exigenda,
302 374 332 421 et
341 369 377 420 ad
390 383 484 435 opera,
497 382 568 434 quae
578 368 725 430 locassent,
735 370 854 434 proban·

48 440 100 502 da,
120 440 185 491 anni
197 447 225 490 et
238 455 287 491 sex
298 439 432 491 mensium
444 445 556 504 tempus
568 444 781 505 prorogaretur,
805 439 853 489 Gn.

48 509 218 561 Tremellius
235 510 380 571 tribunus,
404 509 469 576 quia
487 509 577 560 lectus
594 523 648 558 non
665 507 764 558 eratin
776 523 854 560 sena·

48 585 125 641 tum,
145 580 314 632 intercessit.
349 578 457 631 Eodem
472 592 545 629 anno
557 579 587 630 G.
598 578 739 630 Cicereius
755 577 854 630 aedem

47 648 181 700 Monetae
203 650 233 700 in
257 654 352 702 monte
373 649 481 699 Albano
506 646 645 699 dedicavit
667 647 853 715 quinquennio

48 723 122 785 post,
133 733 215 784 quam
225 720 312 770 vovit.
335 717 451 768 Flamen
463 714 604 768 Martialis
614 717 800 785 inauguratus
812 721 856 770 est

48 800 83 838 eo
99 802 172 839 anno
182 784 216 839 L.
228 786 389 838 Postumius
398 783 524 836 Albinus.

100 855 176 908 xvi.
197 856 230 916 Q.
242 855 331 916 Aelio,
347 853 387 904 M.
397 853 476 904 lunio
488 853 647 905 consulibus
656 854 692 906 de
703 856 854 921 provinciis

48 922 250 986 referentibus,
268 938 399 975 censuere
416 922 528 987 Patres,
548 922 792 990 cluanprorincias
803 927 854 976 Hi-

48 993 176 1060 spaniam
188 1006 284 1044 rursus
294 991 365 1056 lieri,
375 1007 446 1060 quae
457 1008 514 1044 una
522 1007 573 1058 per
581 993 686 1044 bellum
696 994 856 1047 Macedoni-

50 1077 113 1115 cum
132 1061 238 1113 iuerat:
260 1068 290 1114 et
303 1061 498 1113 Macedoniam
516 1061 714 1130 illyricumque
733 1063 856 1130 eosdem,

49 1133 83 1185 1..
94 1130 223 1182 Paullum
240 1136 269 1183 et
278 1132 312 1184 1..
323 1133 463 1191 Anicium,
484 1130 624 1193 obtinere,
645 1131 733 1183 donec
750 1133 785 1184 de
795 1148 872 1191 sem,

48 1204 139 1254 tentia
155 1201 314 1268 legatorum
331 1215 377 1253 res
388 1199 500 1252 etbello
510 1200 649 1262 turbatas,
672 1201 738 1252 etin
751 1207 859 1254 statum

50 1272 137 1323 alium
150 1285 184 1322 ex
195 1285 283 1340 regno
299 1268 461 1322 formandas
472 1272 701 1336 composuissent.
731 1270 859 1322 Consuli-

49 1341 101 1393 bus
117 1340 199 1393 Pisae
221 1346 250 1393 et
262 1340 356 1394 Gallia
371 1340 504 1394 decretae
526 1356 588 1392 cum
607 1340 678 1392 binis
695 1340 859 1408 legioniba!

51 1410 165 1477 quinum
184 1410 302 1462 millium
319 1410 460 1479 peditum,
482 1412 643 1477 etequitum
655 1411 858 1478 quadringeno-

51 1494 121 1532 rum.
156 1478 321 1530 Prnetorum
331 1487 423 1534 sortes
432 1480 520 1544 fuere,
532 1481 565 1543 (l.
576 1481 664 1533 cassii
673 1482 789 1544 urbana,
808 1480 858 1533 Μ’.

49 1548 169 1601 inventii
180 1548 308 1600 Thalnae
319 1550 393 1600 inter
404 1556 575 1616 peregrinor,
591 1552 638 1603 Ti.
649 1552 760 1603 claudii
771 1551 861 1603 Nero·

50 1619 95 1670 nia
105 1617 216 1680 Sicilia,
238 1619 286 1669 Cn.
297 1617 389 1669 Fulvii
405 1618 547 1684 Hispania
564 1619 693 1682 citerior,
715 1623 745 1671 c.
757 1619 861 1670 Licinii

50 1688 164 1741 Nervae
174 1689 304 1740 ulterior.
322 1690 354 1739 A.
363 1687 472 1740 Manlio
482 1689 628 1753 Torquato
639 1686 770 1739 Sardinia
779 1690 860 1743 obve-

51 1763 140 1811 nerat.
176 1757 292 1825 Nequiit
309 1756 353 1809 ire
370 1757 400 1808 in
414 1757 599 1823 provinciam,
621 1756 656 1807 od
666 1771 713 1808 res
723 1757 860 1825 capitales

52 1828 226 1894 quaerendas
240 1843 276 1879 ex
287 1827 530 1879 senatusconsulto
541 1831 677 1878 retentus.
712 1827 756 1878 De
768 1820 860 1894 prodi·

52 1897 106 1964 giis
127 1896 228 1949 deinde
249 1897 386 1947 nuntiatis
407 1895 741 1949 senatusertconsultus.
771 1897 859 1948 Aedes

53 1966 134 2018 demo
145 1965 291 2018 Penatium
308 1966 340 2016 in
352 1964 437 2018 Velia
456 1964 492 2016 tie
509 1964 589 2017 coelo
601 1970 678 2016 tacta
688 1971 762 2018 erat:
784 1972 812 2018 et
830 1967 860 2018 in

52 2035 155 2102 oppido
169 2036 308 2088 Minervio
329 2033 402 2088 duae
421 2039 520 2101 portae
540 2039 570 2087 et
587 2037 662 2087 muri
676 2037 858 2102 aliquantum.

52 2105 193 2171 Anagniae
203 2113 281 2158 terra
294 2105 420 2173 pluerat3
441 2110 470 2157 et
479 2105 599 2157 Lanuvii
609 2104 657 2157 fax
668 2108 698 2159 ln
707 2108 787 2159 coelo
797 2110 859 2159 risa

52 2180 130 2237 erat3
153 2179 182 2224 ct
193 2170 322 2226 Calatiae
332 2179 362 2227 in
380 2176 494 2243 publico
512 2190 580 2244 agro
592 2175 631 2228 M.
642 2176 773 2230 Valerius
790 2177 858 2227 civis

52 2245 194 2296 Romanus
212 2244 358 2297 nuntiabat
376 2260 412 2298 ex
430 2244 494 2298 foco
513 2248 737 2313 suosanguinem
750 2247 857 2313 pertri-

52 2314 138 2365 duum
149 2318 178 2364 et
189 2312 258 2364 duas
268 2321 365 2367 noctes
375 2330 510 2369 manasse.
529 2317 572 2368 0b
580 2317 611 2367 id
621 2318 740 2368 maxime
751 2316 856 2366 decem·

52 2383 108 2434 riri
119 2383 207 2434 libros
217 2383 295 2435 adire
303 2383 383 2448 iussi,
403 2385 636 2453 supplicationem
647 2388 676 2436 in
687 2384 759 2435 diem
771 2399 857 2436 unum

52 2453 158 2520 populo
171 2452 326 2516 edixerunt,
345 2459 374 2506 ct
385 2455 586 2523 quinquaginta
597 2452 686 2519 capris
697 2453 726 2502 in
738 2451 802 2505 foro
813 2468 857 2503 sa·

53 2523 257 2576 crificarerunt.
293 2524 332 2574 Et
348 2524 468 2575 aliorum
485 2525 680 2592 prodigiorum
688 2521 870 2594 causabere

53 2593 173 2645 alterum
191 2592 359 2660 snpplicatio
379 2593 459 2648 circa
469 2583 841 2657 omniapubsinar‘xaiuxu,
859 2583 896 2621 ex

45 2659 147 2713 hostiis
163 2663 324 2723 maioribus
334 2667 540 2724 sacrificatum
552 2666 618 2737 est,
639 2639 897 2711 stanpensem
