1860 2994
83 117 136 172 342
228 120 261 170 Τ.
281 116 391 170 LlVll
411 114 568 184 [uc.585.
590 112 749 186 n.c.167.]
865 200 884 214 -

82 225 203 286 traiicit,
213 223 298 275 trium
308 224 425 275 millium
435 222 528 288 spatio
541 222 705 287 distantem,
726 236 843 291 portum
853 230 887 278 ln·

83 295 189 348 elutum
200 298 321 347 statione
336 291 475 360 quondam
489 291 568 345 mille
582 292 696 344 navium
704 292 887 363 Agamemno.

83 363 146 415 niae
158 362 266 428 classis,
276 364 439 429 Dianaeque
452 362 568 428 templo,
589 360 638 413 ubi
649 362 769 417 naribus
781 380 885 417 sursum

81 432 119 485 ad
130 434 255 495 Troiam,
264 431 323 482 fllia
332 434 448 483 victima
458 433 515 484 aris
526 432 649 495 admota,
668 446 721 485 rex
730 432 784 486 ille
795 450 886 505 regum
919 438 923 449 ’

82 503 174 568 petiit.
186 502 253 553 lnde
264 502 388 569 Oropum
399 504 510 571 atticae
520 508 634 553 ventum
645 508 704 567 est3
715 504 765 569 uiri
778 504 884 573 prodeo
918 506 921 513 '

82 579 160 622 rates
181 570 309 637 antiquus
330 571 447 633 colitur,
464 571 658 639 templumque
676 578 820 625 vetustum
840 586 885 639 est,

81 639 206 691 fontibus
215 639 337 706 rivisque
350 640 424 692 circa
435 654 594 693 amoenum.
612 638 736 693 Athenas
747 642 822 706 inde,
832 642 885 711 ple·
917 654 920 659 '

80 724 131 760 nas
144 708 256 776 quidem
267 714 296 761 et
309 709 386 777 ipsas
402 715 543 762 vetustate
558 710 666 773 famae,
686 710 780 763 multa
799 718 885 765 tamer

81 778 197 831 visenda
206 776 353 831 habentes:
375 794 482 842 arcem,
502 784 616 847 portus,
636 794 732 830 muros
742 780 884 835 Piraeeum

80 848 145 898 urbi
156 849 313 915 iungentes,
332 846 444 900 navalia
454 862 619 919 magnorum
631 849 848 915 imperatorum,
856 850 885 901 si·

81 917 205 968 mulacra
216 916 331 968 deorum
342 916 542 986 hominumque
548 955 556 983 ,
567 916 643 971 omui
651 932 758 987 genere
768 926 885 975 maratt-

81 986 141 1039 riae
152 991 181 1038 et
191 986 292 1038 artium
304 986 435 1054 insignia.

134 1053 262 1108 xxviii.
280 1054 428 1109 Sacrificio
448 1054 595 1109 Minervae
616 1054 743 1125 praesidi
762 1056 839 1111 areis
859 1056 885 1111 in

82 1127 150 1177 urbe
163 1122 239 1177 iacto
255 1125 418 1193 proiectus,
436 1124 602 1177 Corinthum
617 1124 710 1177 altero
727 1126 777 1183 elie
796 1140 886 1197 perse·

79 1196 132 1246 nit.
169 1192 240 1245 Urbs
256 1201 317 1246 erat
330 1200 397 1246 tunc
411 1194 559 1260 praeclara
578 1200 642 1247 ante
662 1195 822 1261 excidium,
839 1210 885 1250 arx

80 1278 191 1332 quoque
202 1268 230 1314 et
241 1262 364 1314 isthmus
375 1264 529 1329 praebuere
539 1263 744 1331 spectaculum:
755 1280 809 1319 arx
816 1268 885 1321 iutra

80 1333 191 1383 moenia
200 1332 228 1381 in
238 1330 386 1383 immanem
398 1332 574 1384 altitudinem
586 1333 797 1396 caltaionem
807 1334 885 1389 ionii·

79 1402 144 1452 bus:
157 1398 278 1450 isthmus
290 1400 344 1451 duo
357 1402 455 1463 maria,
468 1403 503 1453 ab
515 1416 617 1454 occasu
628 1409 658 1456 et
668 1410 735 1457 ertu
747 1406 821 1459 solis
830 1406 885 1460 liui-

79 1473 157 1530 tima,
170 1468 240 1518 artis
252 1467 380 1522 faucibus
392 1469 536 1524 dirimens.
563 1471 715 1541 Sicyonem
725 1475 794 1529 inde
805 1483 835 1530 et
843 1478 885 1528 ilr-

79 1554 130 1608 goa
142 1538 252 1591 nobiles
263 1542 346 1592 urbes
358 1539 430 1592 adit:
443 1541 507 1593 inde
518 1541 592 1592 haud
604 1557 699 1609 parem
713 1546 817 1610 opibus
828 1545 886 1612 Epi·

79 1609 216 1671 (laurum,
247 1608 296 1662 sed
320 1610 455 1662 inclutam
473 1612 633 1679 Aesculapii
653 1613 743 1663 nobili
771 1616 885 1683 templo;

80 1681 291 1748 quod‚quinque
302 1681 425 1732 millibus
436 1695 567 1746 passuum
579 1684 613 1732 ab
620 1682 816 1747 urbedistans,
822 1698 885 1736 nure

79 1752 208 1818 vestigiis
219 1751 391 1803 reuulsorum
402 1750 551 1812 donorum,
567 1757 626 1801 tum
639 1751 720 1801 donis
733 1750 814 1806 dives
824 1766 885 1816 erat,

80 1834 154 1886 quae
166 1821 353 1872 remediorum
365 1819 531 1870 salutarium
543 1820 620 1885 aegri
630 1820 789 1873 mercedem
801 1839 884 1878 sacra-

78 1895 177 1940 verant
187 1888 249 1939 deo.
286 1889 353 1939 lude
366 1888 605 1940 Lacedaemonem
618 1889 693 1952 adit,
706 1905 762 1943 non
776 1907 884 1961 operum

80 1958 299 2024 magnificentia,
319 1957 368 2008 sed
381 1958 531 2024 disciplina
542 1958 738 2027 institutisque
754 1976 884 2015 memora·

79 2027 175 2086 bilem,
185 2042 219 2076 ac
229 2026 409 2078 Pallantiumi
429 2026 503 2078 unde
514 2043 565 2095 per
575 2027 784 2095 Megalopolim
796 2032 884 2102 Olym·

78 2095 156 2162 piam¹
167 2095 304 2157 escendit3
326 2096 374 2145 ubi
391 2102 420 2146 et
435 2096 492 2147 alia
513 2097 624 2163 quidem
644 2102 804 2164 spectanda
824 2104 884 2161 visa

80 2164 216 2226 et,lovem
227 2163 304 2214 reiut
315 2171 490 2230 praesentem
501 2166 623 2230 intuens,
629 2172 724 2218 motus
738 2172 884 2225 animoest

79 2234 185 2299 ltaque,
196 2232 269 2284 haud
280 2248 358 2285 secus
371 2250 453 2300 quam
464 2235 489 2287 si
499 2236 527 2286 in
540 2237 681 2303 Capitolio
692 2240 884 2293 immolaturus

80 2309 164 2364 esset,
176 2304 342 2355 sacrificium
353 2306 472 2371 anrplius
483 2307 569 2356 solito
581 2306 713 2373 apparari
724 2308 820 2363 iussit.
851 2312 886 2362 lta

80 2380 230 2439 peragrata
239 2374 368 2437 Graecia,
379 2380 411 2426 ut
422 2373 492 2426 nihil
504 2390 686 2441 eorumquae
697 2378 820 2446 quisque
831 2378 886 2431 l'er·

76 2447 118 2492 sei
131 2444 206 2495 bello
217 2445 348 2511 privatim
365 2450 415 2496 aut
429 2444 540 2511 publice
554 2446 702 2507 sensisset,
724 2450 886 2516 inquireret,

66 2527 105 2564 ne
118 2512 200 2565 cuius
213 2523 292 2565 πυρίη
309 2518 482 2567 sollicitaret
492 2513 603 2564 animnos
618 2516 780 2574 sociorum,
794 2518 886 2570 ileme-

59 2584 193 2640 triadem
208 2600 299 2657 quum
312 2581 493 2643 reuertitur,
510 2580 659 2628 iniuncta
668 2580 903 2653 animumanimum

47 2656 240 2715 Aetolorum
251 2658 410 2725 occurrit,
421 2648 605 2714 mirantium
613 2640 923 2706 *lisslfflfflmldlss
