1860 2994
102 333 138 384 20
251 331 288 403 ¹r.
304 329 413 384 aivis
434 315 761 398 [massennes]

312 402 904 421 ,.....-....-.-..-..-.--.

20 476 23 513 q
104 454 159 505 tur,
172 448 286 510 praetor
296 451 417 494 senatum
427 444 584 495 consuleret.
621 441 652 493 Si
663 440 688 492 ei
693 438 855 508 permissam
866 456 904 492 es·

20 556 22 565 .
75 560 78 571 ,
102 520 154 573 set,
173 527 254 577 quum
274 510 305 562 in
318 519 529 565 senatu-centum
540 528 592 563 noa
601 506 690 563 minus
702 518 802 571 essent,
821 509 864 560 ita
875 508 906 561 isi

20 612 28 635 ι.
102 596 208 632 sacrum
220 581 340 651 faceret,
362 582 425 632 dum
435 597 467 631 ne
473 582 537 647 plus
548 580 664 647 quinque
674 578 809 648 sacrificio
819 579 904 630 inter-

20 684 24 711 :
101 657 194 713 essent,
215 665 268 701 neu
277 666 330 717 qua
337 649 454 715 peccunia
466 649 625 711 calamonis,
640 665 690 700 nea
702 649 760 713 quis
772 648 904 717 magister

20 730 23 761 i
101 733 251 782 sacrorum,
267 727 318 770 aut
328 719 451 770 sacerdos
463 727 537 769 esset.

153 786 228 839 xiii.
247 787 337 837 Aliud.
350 786 448 838 deinde
470 785 535 837 huie
551 784 743 847 coniunctum,
764 784 902 837 referente

99 855 253 916 QMareio
265 855 386 916 consule,
398 855 668 907 senatusconsultum
682 854 848 923 factumest,
865 853 903 906 Ut

96 924 130 982 yde
141 924 186 989 iis,
198 941 321 993 quospro
333 925 468 977 indicibus
479 927 598 977 consocies
608 923 772 984 habuissent,
790 923 902 992 integra

98 1009 142 1046 res
153 994 190 1045 ad
198 1004 320 1046 senatum
331 994 494 1065 referretur,
505 1009 585 1060 quain
591 991 811 1060 Sp.Postumius,
822 1008 902 1058 quae·

97 1062 229 1114 stioniius
235 1063 382 1136 perfectis,
402 1063 516 1115 Romam
528 1061 650 1114 redisset.
684 1061 801 1111 Minium
812 1059 901 1111 Cerri·

97 1131 173 1182 nium
186 1132 356 1198 Canrpanum
367 1133 486 1191 Ardeam
504 1133 533 1182 in
544 1132 654 1182 vincula
665 1130 828 1183 mittendum
840 1146 900 1181 cen·

98 1207 222 1262 suerunt,
232 1201 495 1268 magistratibusque
503 1201 668 1263 Ardeatium
678 1200 901 1266 praedicendum,

97 1274 130 1319 ut
141 1269 291 1321 intentiore
306 1286 368 1321 eum
387 1271 515 1322 custodia
533 1275 724 1332 asservarent3
745 1284 799 1318 non
810 1269 899 1319 solum

96 1352 133 1388 ne
144 1337 292 1406 effugeret,
311 1339 360 1390 sed
371 1355 406 1391 ne
416 1343 514 1392 mortis
527 1338 738 1389 consciscendae
749 1338 840 1388 locum
851 1335 900 1386 ha-

97 1406 187 1458 beret.
224 1407 269 1472 Sp.
282 1408 439 1458 Postumius
451 1409 593 1472 aliquanto
613 1413 676 1471 post
686 1407 801 1457 Romam
813 1406 898 1457 venit.

97 1475 140 1524 Eo
161 1474 313 1536 referente,
335 1475 368 1525 de
390 1476 420 1525 P.
434 1474 547 1526 Aebutii
568 1481 596 1526 et
611 1476 749 1542 Hispalae
763 1473 901 1527 Feceniae

97 1542 236 1608 praemio,
257 1543 329 1607 quod
351 1556 447 1593 eorum
468 1558 554 1610 opera
572 1543 693 1595 indicata
715 1542 903 1595 Bacchanalia

98 1617 204 1671 essent,
219 1611 487 1662 senatusconsultum
499 1613 604 1664 factum
616 1621 667 1675 est,
688 1611 726 1665 Ut
735 1613 849 1681 singulis
861 1610 903 1662 tte

98 1688 210 1731 centena
225 1679 310 1731 millia
325 1680 398 1731 aeris
415 1691 570 1747 quaestores
582 1682 681 1734 urbani
692 1699 726 1734 eu
736 1680 845 1732 aerario
856 1681 903 1732 da·

98 1755 168 1800 reat.
200 1746 300 1814 Utique
310 1752 402 1802 conssul
412 1759 472 1801 cuns
483 1751 599 1803 tribunis
606 1750 694 1819 plebis
704 1756 808 1818 ageret,
824 1758 855 1799 ut
866 1749 904 1800 asi

96 1817 197 1882 plebem
208 1818 297 1884 primo
309 1835 412 1887 qaoque
425 1829 542 1887 tempore
551 1818 677 1889 ferrent,
698 1826 731 1869 ut
740 1818 774 1869 P.
786 1817 901 1870 Aebutio

98 1883 211 1938 eriserita
226 1887 362 1955 stipendia
382 1899 484 1951 essent,
506 1908 538 1943 ne
549 1890 652 1943 inuitus
665 1888 815 1949 militaret,
837 1903 901 1938 neae

98 1970 192 2007 censor
206 1957 232 2008 ei
246 1972 340 2022 equum
351 1958 489 2024 publicans
503 1959 667 2026 assignaret.
707 1954 805 2017 Utique
820 1955 902 2006 Fece-

97 2023 160 2076 niae
172 2023 303 2091 Hispalae
314 2026 404 2087 datio,
419 2026 576 2085 deminutio,
589 2022 680 2094 gentis
692 2022 817 2086 enuptio,
829 2031 901 2083 tuto·

97 2091 137 2141 ris
149 2090 221 2157 optio
231 2092 296 2144 item
309 2101 399 2156 esset„
429 2092 490 2144 aasi
504 2092 530 2143 ei
547 2093 590 2144 uir
608 2098 766 2144 testamento
778 2091 900 2145 dedisset.

101 2158 200 2224 Utique
211 2159 236 2211 ei
244 2161 361 2230 ingenuo
371 2111 470 2214 augere
479 2160 589 2212 liceret:
604 2159 730 2227 neuquid
742 2157 775 2221 ei,
785 2161 832 2227 qui
842 2179 901 2214 eam

98 2227 229 2291 duxisset,
241 2229 272 2280 ab
283 2229 314 2280 isi
321 2229 418 2296 fraudi
427 2228 623 2310 ignominiaeve
633 2237 708 2281 esset.
733 2229 831 2298 Utique
842 2247 902 2284 coa·

97 2299 168 2348 sules
173 2307 379 2365 praetoresque,
401 2314 448 2367 qus
458 2315 530 2352 nane
540 2307 639 2362 essent,
659 2299 736 2368 quine
742 2309 842 2368 postea
851 2301 902 2373 fro

98 2365 157 2418 turi
167 2374 262 2428 essent,
271 2375 409 2429 curarent,
418 2384 451 2420 ne
462 2367 527 2433 quisi
533 2368 558 2419 ei
567 2368 675 2421 mulieri
680 2369 800 2422 iniuriae
804 2369 900 2440 fieret,

98 2433 190 2500 atique
199 2442 260 2487 suto
272 2445 348 2488 esset.
363 2436 398 2489 Id
406 2445 528 2489 senatum
538 2440 612 2500 aelle,
623 2447 650 2490 et
661 2455 773 2506 aequum
784 2454 900 2500 censere,

97 2511 129 2554 ut
141 2501 280 2571 itufieret.
297 2505 340 2557 Ea
350 2505 443 2557 omnia
453 2505 513 2557 lata
524 2507 558 2557 ad
571 2507 688 2574 plebem,
697 2508 824 2573 factaque
836 2513 901 2558 sunt

98 2586 132 2624 ex
149 2575 404 2640 senatusconsult03
425 2580 453 2626 et
469 2575 503 2627 de
515 2583 669 2629 ceterorum
681 2577 899 2641 indicumimpu-

98 2641 187 2693 nitate
198 2644 384 2710 praemiisque
396 2646 555 2696 consulibus
567 2644 730 2712 permissum
742 2651 792 2695 est.

151 2709 213 2762 XX.
224 2710 328 2764 Etiam
339 2712 510 2774 QMaroius
518 2713 723 2780 quaestionibus
732 2727 799 2763 suae
808 2714 899 2778 regio·

77 2775 291 2842 niversensis,
312 2782 343 2831 in
355 2782 477 2850 Ligures
492 2783 662 2851 provinciam
672 2781 808 2848 proficisci
821 2795 898 2846 para·

58 2828 133 2890 Μ’·
151 2841 252 2894 trihus
270 2849 405 2908 millibus
416 2855 554 2922 perlitum
570 2855 777 2915 Romanorum,
797 2855 907 2900 eentum
