1860 2994
146 138 197 190 roo
299 136 332 185 r.
354 132 462 184 nivii
479 131 522 199 [n.
536 132 565 182 c.
577 133 635 198 572.
648 130 681 181 A.
693 130 721 180 e.
736 129 803 196 aa]

145 217 216 282 ford
227 247 312 296 opera
324 231 431 281 duobus
445 229 577 280 adversus
590 227 743 278 Celtiberos
755 226 872 293 proeliis
885 242 928 277 usn

147 302 181 361 Q.
192 301 309 352 Fulvius
320 306 465 361 esset‚eos,
477 297 501 348 si
510 298 661 359 videretur,
672 311 768 349 secum
780 295 930 362 deportar

147 373 184 422 Et
200 369 419 436 supplicationes
436 368 582 429 decretae,
606 366 680 432 quod
693 367 720 417 is
734 379 867 432 prospere
883 381 926 418 ren

145 439 287 505 publicam
299 439 446 506 gessisset:
461 443 490 488 et
502 437 587 488 ceteri
595 442 741 503 praetores
752 436 782 485 in
792 435 929 501 provinci

143 508 231 559 missi.
268 509 301 570 Q.
312 507 400 559 Fabio
411 507 533 559 Buteoni
548 512 730 574 prorogatum
750 505 781 555 in
792 505 888 557 Gallia
900 505 912 556 i
929 530 930 549 ι

143 577 251 643 perium
263 582 314 629 est.
351 578 421 628 Octo
432 577 572 644 legiones,
588 582 700 642 praeter
710 575 864 627 exercitum
875 580 923 626 vet

46 697 47 709 ,
142 662 215 707 rem,
238 647 286 715 qui
301 647 495 715 in'Liguribns
511 647 541 697 in
561 661 610 712 spe
630 645 786 712 propinqua
806 645 923 695 mission

46 714 47 724 ¹
144 723 237 779 erant,
257 732 290 768 eo
310 732 382 769 anno
403 732 464 768 esse
483 716 598 783 placuit.
634 715 672 765 Et
690 716 715 766 is
735 715 795 782 ipse
810 715 916 766 exercit

47 784 51 807 ³
143 801 227 853 aegre
249 787 414 852 explebatur
433 792 549 852 propter
568 785 769 851 pestilentiam,
801 799 873 850 quae
894 783 923 836 ia

141 857 260 906 tertium
281 872 381 913 annum
398 856 495 907 urbem
510 855 664 905 Romanam
680 860 764 921 atque
774 853 887 906 ltaliam
904 870 930 905 v:

46 938 49 963 τ
143 926 248 977 stabat.
305 946 310 959 ι

14 1036 15 1053 ι
45 988 50 1051 ἶ
196 993 339 1047 xxxvu.
350 993 469 1047 Praetor
479 992 717 1055 Ti.Minucius‚et
726 990 801 1044 baud
810 992 851 1044 ita
861 993 930 1045 mul

45 1058 50 1135 ζ
142 1071 209 1135 post
229 1065 327 1117 consul
348 1065 377 1116 C.
400 1063 566 1131 Calpurnius
587 1065 720 1126 moritur,
742 1063 881 1129 multique
901 1077 918 1113 a

15 1164 16 1167 =
46 1140 50 1197 i
145 1136 269 1187 omnium
286 1135 415 1187 ordinum
429 1134 557 1186 illustres
577 1133 642 1184 viri:
664 1140 808 1201 postremo
829 1133 922 1199 prodi

15 1203 17 1259 s
47 1216 50 1255 :
142 1205 208 1256 loco
220 1222 254 1258 ea
265 1205 360 1258 clades
369 1203 466 1255 haberi
477 1210 577 1270 coeptu
586 1210 638 1255 est.
675 1204 704 1255 G.
715 1202 851 1257 Servilius
860 1218 930 1270 pon

16 1266 17 1281 ¹
47 1324 51 1347 Ι
143 1274 191 1325 l’ex
208 1276 346 1327 maximus
361 1272 472 1339 piacula
485 1273 544 1325 irae
564 1272 645 1325 deum
666 1275 829 1342 conquirere
849 1275 927 1324 iussu

47 1365 51 1377 ·
145 1344 293 1395 decemviri
305 1345 392 1394 libros
404 1343 555 1409 inspicere,
575 1343 673 1394 consul
682 1345 815 1411 Apollini,
826 1343 924 1397 Aescul

47 1438 51 1459 t
144 1413 202 1479 pio,
210 1412 302 1462 Saluti
312 1412 385 1463 dona
395 1427 506 1474 vovere,
519 1417 548 1464 et
559 1412 626 1464 dare
637 1413 718 1480 signa
728 1416 872 1479 inaurata3
882 1429 929 1482 qu

47 1480 65 1519 ἰ
144 1481 224 1531 vovit
236 1481 375 1547 deditque.
386 1480 547 1533 Decemviri
558 1483 790 1550 supplicationem
800 1486 831 1537 in
840 1485 925 1537 biduu

47 1572 50 1625 ;
145 1551 315 1602 valetudinis
326 1566 411 1602 causa
420 1552 449 1601 in
462 1553 530 1603 urbe
541 1559 569 1605 et
580 1568 630 1620 per
642 1555 736 1605 omnia
745 1553 809 1606 fora
821 1554 926 1607 concili

16 1664 17 1687 ,
47 1642 50 1653 ·
146 1621 270 1688 bulaque
281 1621 440 1674 edixerunt:
460 1623 582 1674 maiores
594 1623 743 1676 duodecim
754 1625 924 1687 annis,omn

148 1693 279 1743 coronati
294 1697 323 1745 et
337 1692 463 1745 lauream
477 1693 507 1744 in
523 1709 605 1745 manu
624 1699 765 1757 tenentes,
785 1696 929 1761 supplicas

15 1766 17 1789 l
147 1768 221 1812 runt.
235 1762 353 1815 Fraudis
367 1777 476 1830 quoque
487 1762 624 1817 humanus
633 1764 823 1815 insinuaverat
833 1765 928 1832 suspic

14 1834 16 1861 ÷
46 1858 49 1891 ς
149 1833 930 1902 animis3etveneficiiquaestioexsenatusconsulto,qu

147 1902 176 1950 in
187 1903 270 1962 urbe,
290 1904 441 1968 propiusve
455 1903 552 1956 urbem
571 1906 666 1958 decem
681 1903 806 1955 millibus
823 1919 929 1971 passuu

12 1992 14 2025 ς
44 1968 49 2039 ζ
148 1975 223 2021 esset
234 1971 468 2034 commissum‚c.
480 1972 597 2028 Claudio
608 1976 746 2044 praetori,
765 1973 854 2042 quiin
864 1975 911 2027 loc

45 2088 48 2095 ,
147 2039 193 2089 Ti.
204 2038 323 2090 Minucii
335 2046 397 2092 erat
411 2041 560 2110 suffectum
581 2047 657 2098 ultra
677 2046 812 2099 decimum
834 2045 929 2114 lapide

45 2124 48 2129 ·
145 2123 197 2175 per
216 2107 280 2160 fora
301 2111 544 2181 conciliabulaque
560 2116 590 2167 C.
601 2117 727 2179 Maenio,
745 2117 908 2184 priusquam

44 2202 48 2243 ι
147 2177 304 2260 Sardiniam
315 2182 486 2247 provinciam
498 2185 649 2247 traiiceret‚
662 2185 783 2238 decreta.
819 2185 926 2253 Suspec

44 2348 47 2357 ·
145 2317 186 2369 lia
197 2333 284 2371 uxore
294 2319 450 2375 dicebatur.
471 2325 510 2376 Ut
522 2325 633 2393 quidem
644 2325 718 2376 lilius
729 2325 788 2376 eius
801 2325 922 2386 QFulvi

45 2444 48 2449 ¹
144 2387 405 2443 Flaccusinloeum
421 2394 515 2447 vitrici
534 2394 631 2447 consul
648 2399 692 2445 est
710 2393 884 2457 declaratus,
904 2409 921 2445 ιι

45 2464 47 2469 “
145 2464 253 2527 quanto
267 2462 357 2530 nangis
371 2462 485 2521 infamis
500 2480 576 2517 mors
587 2463 694 2515 Pisonis
717 2465 812 2530 coepit
832 2479 908 2517 csse:

35 2588 38 2593 ¹
145 2537 232 2583 testes
244 2534 429 2596 cxsistebant,
441 2535 488 2601 qui
499 2541 565 2600 post
574 2534 733 2586 declaratos
743 2536 872 2589 consules
884 2534 929 2586 Al·

128 2613 201 2648 num
212 2608 245 2650 ct
251 2603 402 2668 Pisonem,
425 2605 525 2672 quibus
537 2605 661 2657 comitiis
670 2606 790 2659 Flaccus
800 2608 906 2659 tulerat

108 2667 250 2732 pulsam,
274 2680 308 2725 ct
319 2679 532 2743 exprobratum
544 2677 571 2735 ei
590 2684 712 2733 amatre
727 2678 869 2733 dicerent,
888 2688 922 2738 b*
