1860 2994
66 320 100 370 70
216 316 251 367 Τ.
265 314 373 366 L-lvll
393 315 437 380 [U.
446 315 477 362 C.
490 314 547 379 570.
563 312 595 363 A.
606 312 637 362 C.
649 262 720 378 1821]

64 418 218 472 volutabam
227 417 257 469 in
267 417 372 470 animo:
387 422 420 467 ut
429 416 524 485 quitur
534 414 598 469 aliis
608 415 702 468 tunde
711 418 799 470 sacris
809 434 868 473 con·

66 489 232 540 taminotons
243 485 314 537 omni
334 487 431 537 scelere
443 496 555 538 mentem
568 483 722 552 expiarent
745 484 802 538 Sed
809 502 868 541 cas·

65 573 112 610 cus
121 555 284 609 criminandi
293 552 443 622 cupiditate
450 555 564 615 animur,
571 554 634 606 clusn
645 554 734 606 omnia
741 564 868 625 suspecta

64 624 173 693 efficere
183 626 249 686 vult,
262 623 338 676 aliud
346 623 402 674 alio
415 624 567 705 confundit.
604 621 719 685 Nam‚si
730 638 830 678 veneno
839 634 868 678 tc

63 696 136 748 inter
156 709 264 748 coenam
278 694 374 744 tollere
389 695 474 755 volus,
495 690 665 761 quiiminus
685 702 781 812 aptum
794 692 869 766 sssit,

64 778 145 831 quam
152 762 294 831 pertinaci
307 761 454 814 certamine
469 770 497 814 et
514 774 644 814 concursu
657 760 702 812 ira
716 776 761 813 nm
771 769 800 815 te
810 760 868 831 effi·

64 850 135 895 cere,
149 841 180 884 vt
189 831 293 893 merito,
306 830 379 882 sicut
387 831 494 903 secuti,
513 830 647 883 invitatus
657 831 695 881 ad
702 846 813 883 coenam
824 828 869 883 ni⁶

64 902 178 954 nueresi
200 898 287 963 Quum
297 909 388 952 autem
397 900 488 952 iratus
498 914 634 969 negasses,
651 907 751 963 utrum,
771 900 870 967 utpl't·

64 986 157 1023 canem
168 977 203 1034 te,
214 970 304 1021 danda
315 985 398 1036 opera
406 970 479 1041 suit,
491 969 616 1021 resalium
628 984 783 1036 quaererem
794 984 870 1023 occa·

66 1039 182 1103 sionem,
202 1037 328 1104 quoniam
345 1041 426 1090 sensel
440 1052 568 1093 venenum
583 1038 768 1105 paraveram?
789 1054 826 1091 an
835 1036 870 1091 ai

66 1107 113 1161 illo
126 1107 236 1159 consilio
245 1109 319 1159 velut
329 1105 535 1161 transiliendam
546 1108 583 1159 vd
592 1106 668 1159 aliud
671 1106 744 1179 ficit,
750 1116 783 1158 ut
787 1106 870 1179 ferro

67 1187 104 1240 te,
115 1175 255 1243 etquidem
268 1193 298 1228 eo
309 1176 363 1240 die,
371 1193 420 1244 per
431 1176 544 1247 speciem
556 1174 759 1238 consissvtivnis,
771 1174 870 1229 occide·

66 1248 143 1298 remi
161 1245 221 1310 Quo
240 1246 333 1298 deinde
347 1249 438 1312 molo,
459 1247 483 1298 si
498 1256 524 1299 tc
539 1254 611 1298 metu
625 1244 721 1299 nsorlis
734 1244 870 1299 cretelasr

68 1324 177 1368 coenans
188 1314 302 1367 evitasse
312 1332 407 1379 meam,
416 1334 469 1370 non
481 1314 514 1367 ui
526 1316 614 1367 eodem
624 1323 696 1366 nsetu
706 1312 870 1369 comissatio·

67 1400 128 1439 nem
140 1401 243 1452 quoque
255 1385 419 1437 evitaturum
431 1384 637 1437 existimabam?

120 1453 195 1504 XIV.
216 1452 275 1503 Non
286 1461 328 1504 est
340 1468 393 1515 res,
403 1470 456 1520 pun
467 1454 630 1515 erubescam,
641 1461 734 1521 pater,
745 1450 823 1504 sicile
826 1450 870 1524 fe·

67 1529 110 1572 sto
121 1521 194 1573 inter
203 1523 330 1586 aequales
340 1522 462 1589 largiore
473 1523 536 1575 vina
547 1538 604 1575 sum
616 1537 687 1574 usus.
706 1520 749 1572 Tu
759 1536 870 1589 quoquc,

67 1589 156 1649 velim,
178 1588 310 1654 inquiras,
330 1604 384 1656 qua
396 1589 519 1654 laetitia,
540 1608 591 1656 quo
601 1594 662 1642 lusu
672 1590 748 1658 apud
756 1606 797 1643 me
808 1592 870 1644 cele·

68 1657 176 1707 locatum
194 1652 346 1709 letter-nun
365 1659 515 1710 convivium
535 1658 583 1720 sit,
602 1652 649 1709 illo'
669 1661 753 1711 etiam
772 1664 870 1726 (pravo

64 1724 205 1792 forsitan)
219 1726 323 1793 gaudio
334 1726 511 1793 provehente,
531 1729 603 1793 quocl
617 1725 647 1779 in
657 1726 777 1780 iuvenali
786 1740 870 1780 armo·

68 1810 130 1846 rum
141 1794 287 1847 certamine
293 1810 361 1860 pars
371 1804 466 1850 nostra
476 1810 529 1851 non
542 1795 661 1879 inferior
674 1797 783 1868 ficerat.
819 1794 870 1848 stl-

69 1864 143 1916 scria
154 1862 221 1915 laec
230 1872 258 1914 et
267 1873 354 1916 metus
361 1868 502 1934 crapulam
507 1867 596 1937 facule
602 1875 780 1918 excusserunt
786 1883 798 1927 ;
805 1880 870 1935 quat

69 1934 95 1986 si
111 1950 163 1987 non
176 1931 392 1998 intervenissent,
413 1935 588 1989 insidiatores
607 1944 656 1987 ests
674 1934 759 2000 sopiti
773 1934 870 1995 iacerv,

70 2018 139 2054 mus.
166 2001 314 2053 Sitonum
326 2012 400 2055 tuam
411 2013 626 2074 expugnaturus,
637 2011 720 2070 captu
731 2003 819 2067 clomo,
830 2004 870 2056 io

69 2072 174 2122 minum
183 2070 257 2121 inter
288 2078 382 2123 cturus
393 2088 484 2134 uam,
504 2090 558 2127 noss
569 2078 757 2142 temperassem
770 2071 870 2126 vincis

69 2148 154 2191 senum
167 2137 246 2190 sliem.
272 2154 325 2190 non
339 2140 438 2192 milites
453 2140 640 2197 abstinuissent
654 2142 742 2195 tneosl
765 2140 821 2206 Et,
841 2152 870 2193 nt

71 2222 121 2277 ogo
132 2222 173 2259 me
183 2208 254 2258 solus
264 2206 349 2260 nimia
361 2208 536 2276 simplicitate
547 2212 659 2276 tueaml
676 2228 703 2264 se
713 2226 818 2278 quoque
827 2208 870 2262 vsi

70 2276 143 2331 nime
153 2278 241 2328 malus
252 2292 286 2329 ac
296 2278 425 2346 suspicax
428 2280 534 2352 frater,
540 2280 699 2334 Niiilalsucl
706 2279 771 2343 scio,
776 2276 870 2348 inquis,

72 2345 143 2398 nintt
152 2361 249 2414 arguo,
255 2345 308 2399 nisi
319 2349 390 2414 quorl
398 2364 458 2402 cum
462 2350 544 2422 ferro
555 2351 728 2403 comistatslnn
736 2356 870 2402 venerunt.

75 2414 106 2465 Si
117 2430 253 2484 quaeram,
264 2418 335 2470 unic
343 2419 374 2471 it
382 2418 470 2488 ipsum
481 2419 592 2474 scieris!
611 2434 716 2472 necesse
726 2418 780 2471 erit
790 2426 818 2471 te

73 2485 141 2546 teri,
162 2495 212 2538 aut
222 2490 421 2554 speculatorum
432 2488 655 2559 rumnpleoon
666 2491 771 2541 domum
786 2488 870 2560 suun

74 2569 171 2616 meam,
183 2557 302 2609 aurillac
312 2557 354 2610 ita
365 2568 459 2640 aperte
469 2558 610 2629 sumpsisse
614 2559 734 2630 futrum,
748 2568 781 2610 ut
790 2570 870 2610 omnes

73 2622 210 2677 viderent.-
229 2634 271 2687 et,
289 2644 322 2681 ne
340 2629 406 2694 qussi
423 2628 541 2694 ipsetut
559 2628 639 2697 prius
653 2627 809 2695 inquisisse,
828 2632 870 2679 assl

74 2709 146 2749 nunc
156 2694 295 2748 criminose
306 2696 494 2763 argumentari
503 2697 653 2760 videretur,
665 2707 691 2750 te
702 2713 834 2764 quaerere
844 2708 870 2747 es

6 2800 10 2804 -
62 2763 111 2828 ιιι,
131 2763 383 2832 pcurnominosset,
394 2764 513 2831 ivician
535 2783 572 2822 vn
583 2768 692 2840 ferrum
704 2767 870 2822 noluissent!

50 2843 93 2893 ¹16
103 2844 245 2904 tanquam
255 2836 286 2892 in
295 2836 433 2907 reclutit,
446 2852 533 2911 pssum
541 2840 573 2896 ii
585 2839 748 2908 quaesisses,
753 2840 825 2900 quon
832 2838 870 2900 ‘sp
