1860 2994
308 190 453 236 Lirinus.
471 189 629 235 DEPERD.
829 201 870 240 315

70 283 176 327 Mancino
186 282 280 324 consule
289 283 438 333 sacrificante,
452 283 509 340 pulli
518 296 547 326 ex
556 295 624 325 caven
632 284 783 327 evolaverunt.
798 322 799 326 ,
814 285 872 330 Con-

71 339 187 382 scendenti
196 339 277 380 deinsle
287 341 368 389 navim,
384 341 441 381 utin
448 340 583 393 Hispaniam
591 341 779 392 proficisceretur,
789 343 872 386 acoislit

70 409 122 444 uox,
133 395 209 442 Mane,
221 395 338 437 Mancino:
349 409 406 451 qnae
415 397 516 451 auspiciu
526 396 602 438 tristia
612 395 692 444 fuisse,
703 402 784 438 eventu
791 399 872 452 proba-

71 458 117 494 tum
126 456 168 492 est.
185 450 267 492 Victus
276 452 335 494 enim
343 465 356 494 a
365 451 510 495 Numantinis
520 457 543 495 et
554 452 635 494 castris
643 457 734 501 exutus,
742 466 808 506 quum
817 466 870 509 spes

71 508 134 549 nulla
141 507 246 551 servandi
256 509 370 552 exercitus
377 514 444 558 esset,
452 522 529 564 pacem
541 507 872 560 curniisfecitignominiosam‚

70 575 136 618 orsam
150 568 224 606 ratam
239 576 290 606 esse
305 570 398 608 sanstus
412 566 492 609 vetuit.
523 564 629 618 Trigints
642 564 714 607 millia
721 566 873 608 Rornanorum

71 617 282 663 aNumantinorum
298 623 398 665 millibus
408 627 515 678 quattuor
527 622 587 664 victu
594 626 667 665 orant.
697 620 728 663 D.
738 620 818 663 Iunius
828 621 873 664 Ln-

70 675 184 727 sitsnism,
195 677 289 729 triginta
298 679 386 721 urbium
394 677 608 733 expugnationibus,
622 690 693 733 usquo
702 678 731 720 asl
739 689 842 720 ocessum
850 681 875 719 et

72 729 182 774 Oceanum
192 733 333 788 pardonum
348 739 380 784 et,
390 747 457 787 quum
466 733 560 776 fluvium
568 732 708 776 Oblivionem
717 734 816 776 mannire
825 733 874 775 nol-

71 784 120 827 lent
128 789 221 838 milites,
238 796 341 846 ereptum
350 789 461 841 signifero
469 789 557 840 signum
564 789 571 830 i
574 801 614 842 pse
623 790 748 839 transtulit,
763 795 787 832 et
798 789 838 838 sic.
847 790 876 834 ut

72 843 291 892 transgrederemur,
301 845 423 896 persuasis.
435 844 562 882 Alexsrulri
571 845 640 888 lilius,
650 856 692 882 rex
700 843 788 894 syriae,
797 847 875 887 elecem

72 908 144 938 annos
154 896 272 939 admodum
281 897 373 944 liabens,
389 909 403 937 a
411 895 519 944 Dioaloto,
535 897 573 950 qui
583 894 694 950 Tryphon
703 901 875 948 cognominaba-

72 955 117 1000 tur,
125 954 200 994 tutore
210 964 257 1000 suo,
267 964 309 1005 per
318 951 422 994 fraudem
432 952 519 994 occisus
530 955 576 999 est3
592 952 706 1005 corruptis
715 953 817 1003 medicis,
828 955 874 1011 qui,

72 1008 219 1107 enuidealculi
234 1007 311 1050 dolore
326 1008 428 1051 consumi
442 1008 471 1050 acl
484 1007 593 1064 populum
607 1007 709 1058 mentiti,
726 1008 778 1053 siuns
786 1015 873 1060 secant,

72 1062 120 1106 occi
137 1068 210 1106 crunt.
232 1089 234 1093 ν
705 1068 712 1079 “

434 1151 506 1206 Lvr.

71 1225 205 1300 D.1unius
215 1256 300 1301 Brutus
308 1257 333 1300 in
343 1255 457 1310 Hispanis
471 1257 579 1298 ulteriore
595 1253 696 1298 feliciter
704 1264 812 1299 anvorsus
821 1255 876 1300 Gal.

72 1315 147 1357 laeuos
158 1314 272 1368 pugnavit.
289 1314 404 1357 Dissimili
413 1316 497 1355 eventu
505 1313 537 1355 M.
546 1311 659 1354 Aemilius
667 1311 701 1354 Le
718 1312 768 1353 isius
778 1325 874 1367 procon-

72 1369 221 1413 sulaslversus
232 1369 347 1414 Vaccaeos
356 1383 405 1413 ress
414 1369 492 1421 gessit,
509 1368 640 1424 clademque
650 1326 746 1410 similem
754 1365 875 1410 Numanti·

72 1430 253 1478 naepassusest.
283 1426 320 1469 Aa
335 1425 498 1469 exsolvendum
507 1422 644 1468 Numantini
657 1424 758 1467 foederis
765 1423 876 1476 religione

72 1481 187 1536 populum,
201 1482 328 1533 Mancinus,
337 1496 404 1536 quum
413 1480 480 1523 huius
488 1481 523 1523 rei
537 1486 616 1525 auctor
624 1480 715 1530 fuisset,
730 1480 819 1522 deditus
827 1478 875 1521 Nu-

72 1536 188 1587 mantinis,
197 1551 242 1579 non
250 1544 286 1581 est
294 1542 407 1593 receptus.
425 1538 533 1577 Lustrum
543 1549 556 1576 o
566 1539 697 1578 censorrlous
707 1537 821 1579 eonditum
831 1538 874 1577 est.

30 1616 34 1620 -
72 1592 146 1634 Censa
156 1597 208 1634 sunt
216 1594 298 1636 civium
307 1596 382 1643 capita
392 1594 494 1632 trecenta
504 1591 584 1642 viginti
598 1591 644 1632 tria
657 1591 741 1640 millia,
760 1594 875 1644 nongenta

71 1648 152 1746 ligium
161 1649 212 1715 tria.
222 1648 315 1743 Fulviuts
325 1645 510 1743 Flscfppaconsal
517 1646 634 1744 vssrd⁶59⁵
642 1647 667 1742 ip
675 1645 768 1699 Illyrico
778 1648 874 1698 subegit.

98 1734 103 1746 .
130 1714 297 1755 oscomusprse
310 1715 365 1743 nnn
437 1715 528 1743 eiacum
557 1716 595 1744 cor
612 1714 653 1743 ner
691 1715 784 1755 rospero
807 1715 875 1753 ugna-

70 1760 111 1802 vit.
141 1760 214 1806 Quum
229 1757 312 1799 bellurn
320 1755 483 1799 Numantinum
497 1758 553 1800 vitio
569 1758 649 1800 duosam
665 1716 710 1798 nlirn
725 1758 774 1799 sine
788 1717 875 1812 iuuare

70 1814 160 1870 publico
170 1813 268 1862 duraret,
281 1813 370 1861 delatus
378 1817 415 1856 est
421 1813 481 1856 ultro
490 1813 593 1869 Scipioni
602 1812 713 1856 Africano
721 1825 735 1854 a
745 1817 825 1855 senatu
836 1827 876 1869 po·

69 1871 168 1926 poloque
176 1870 277 1910 Romano
291 1869 434 1912 consulatus:
452 1883 517 1924 quera
532 1883 599 1924 quum
614 1869 649 1911 illi
664 1882 745 1924 cupere
756 1870 783 1910 ol
793 1868 874 1921 legem,

71 1939 127 1980 quise
136 1926 235 1974 vetabat,
245 1938 377 1979 quemquam
384 1925 466 1967 iterum
471 1926 586 1969 consulem
595 1925 652 1975 sieri,
660 1939 705 1968 non
710 1925 798 1973 liceret,
808 1923 875 1966 sicuti

70 1982 141 2037 priori
149 1981 275 2030 consulatu,
289 1981 378 2032 legibus
388 1981 475 2023 solutus
485 1986 529 2024 est.
559 1981 647 2024 Bellum
657 1981 748 2030 seruile,
763 1981 787 2022 in
795 1979 875 2023 Sicilia

70 2041 150 2087 ortum,
161 2051 227 2091 quirum
236 2037 333 2092 opprimi
341 2050 353 2080 a
362 2038 504 2092 praetoribus
512 2051 557 2080 non
565 2037 685 2092 potuisset,'
694 2037 718 2079 C.
730 2037 811 2079 Fulvio
821 2050 874 2079 con·

69 2092 115 2135 suli
123 2093 251 2135 mandatum
261 2098 303 2137 est.
333 2094 408 2136 Huius
418 2093 472 2135 belli
482 2093 572 2135 initium
583 2093 628 2136 fuit
635 2094 713 2137 Eunus
723 2106 815 2142 servus,
834 2104 876 2134 na-

68 2149 130 2192 tione
139 2147 224 2201 Syrus3
240 2149 286 2204 qui,
296 2154 413 2193 contracta
420 2148 542 2200 agrestium
551 2162 666 2192 servorum
674 2163 749 2199 manu,
759 2155 783 2192 et
791 2148 876 2190 solutis

69 2204 203 2255 ergastulis,
220 2204 277 2249 iusti
292 2207 406 2248 exercitus
422 2217 538 2247 numerum
552 2205 662 2261 implevit.
691 2206 762 2248 Cleon
778 2216 873 2260 quoquc,

69 2260 129 2302 alter
139 2271 224 2310 sersus,
233 2260 262 2304 asi
271 2261 417 2317 septuaginta
424 2261 750 2319 millis-servorumcontrnxiu
760 2267 790 2310 et,
801 2260 873 2312 copiis

69 2316 161 2366 iunctis,
177 2320 256 2360 eontra
272 2318 381 2374 populum
394 2317 474 2361 Romus
490 2330 520 2361 un
538 2319 708 2373 exercitumque
723 2319 773 2360 eius
789 2315 874 2358 hellam

71 2377 275 2428 saepegesserunt.

424 2474 510 2532 LVll.

68 2548 156 2632 Scipio
164 2577 288 2622 Africanus
296 2577 443 2622 Numantiam
452 2578 552 2628 obsedit,
568 2580 593 2618 et
601 2571 893 2638 corruptumlscuntanu.

64 2635 176 2686 surisque
185 2637 310 2678 exercitam
321 2635 351 2678 atl
366 2636 545 2679 severissimum
552 2633 656 2676 mil'n'me
670 2628 912 2700 n'xsoxpxpnpmex

56 2688 123 2727 eavit,
153 2688 232 2730 Omma
243 2691 381 2734 deliciarum
390 2686 733 2736 instrumentoreeiunsm
740 2677 876 2744 Simu&
884 2713 892 2723 ·
899 2721 912 2746 ς

44 2748 95 2779 tum
103 2751 118 2782 s
125 2743 210 2784 cestris
220 2745 293 2789 eiecit
296 2758 305 2798 5
314 2746 424 2794 militem
433 2747 550 2808 qnotiiie
559 2748 593 2795 ‘us
600 2736 792 2805 opercluatsuxu
800 2725 906 2766 cumin
