1860 2994
153 70 781 198 saxeculo.[oceanea]
833 130 867 182 oa

111 234 146 285 ll.
166 232 224 284 Ver
234 232 420 299 procellosum
431 247 465 286 eo
478 247 549 287 anno
562 233 625 285 fuit.
646 230 740 285 Pridie
751 233 866 297 Parilia,

62 303 153 356 medio
164 300 253 353 ferme
265 302 311 355 die
318 339 327 366 ,
346 309 428 354 atrox
439 318 502 355 eum
513 308 596 353 vento
607 298 757 368 ter'npestae
770 310 868 355 coorta

62 373 155 424 multis
168 374 258 424 sacris
269 371 450 439 profanisque
467 373 538 424 locis
549 377 672 439 stragem
683 371 765 423 lecit:
785 374 867 441 signa
892 392 896 399 ·

61 456 146 497 aenea
166 441 197 493 in
211 440 352 507 Capitolio
374 441 489 495 deiecit:
512 441 602 494 forem
622 456 657 493 ex
675 441 744 493 aede
758 443 865 506 Lunae,

61 511 171 579 quaein
183 511 318 563 Aventino
330 518 382 575 est,
393 517 503 578 raptam
514 512 588 573 tulit,
600 516 629 563 et
639 513 668 562 in
678 513 793 577 posticia
805 528 866 578 par·

60 583 136 634 tibus
149 580 260 632 Cereris
275 581 374 648 templi
387 581 490 633 affixit:
511 580 592 649 signa
607 580 665 631 alia
678 582 707 630 in
724 581 798 631 circo
810 597 866 633 ma·

59 653 135 705 ximo
151 663 214 701 curn
235 651 383 713 columnis,
404 651 504 717 quihus
523 651 733 717 superstabant,
753 653 866 702 evertit:

60 719 178 788 fastigia
195 717 303 787 aliquot
317 721 499 786 templorum,
520 735 537 771 a
552 721 719 772 culminibus
738 720 869 787 abrupta,

61 790 142 843 foede
155 789 310 856 dissiparit.
346 790 445 859 ltaque
455 790 483 840 in
496 789 655 859 prodigium
664 806 746 844 versa
757 807 791 843 ea
800 796 870 842 tem-

17 858 21 931 Ι
61 866 169 928 postas,
190 860 392 927 procurarique
413 858 575 925 haruspices
592 858 742 913 iussenrat.
778 858 868 912 Simul

61 934 243 997 procuratum
254 935 307 993 ost,
327 928 400 996 quod
409 928 546 996 tripedem
557 928 663 981 mulum
674 930 760 981 Reate
772 935 867 979 natum

62 998 221 1051 nuntiatum
237 1004 313 1061 erat,
335 1004 364 1050 et
379 1013 397 1050 a
407 998 546 1062 Formiis,
566 998 665 1051 aedem
679 998 816 1065 Apollinis
835 1014 869 1049 ac
885 998 888 1003 '

62 1068 175 1121 Caietae
186 1067 223 1119 de
235 1067 317 1119 coelo
328 1072 442 1119 tactam.
471 1067 514 1118 0h
526 1082 559 1118 ea
569 1066 699 1133 prodigia
707 1068 811 1133 viginti
821 1065 870 1116 ho·

20 1133 26 1211 l
62 1141 122 1189 atila
134 1136 292 1189 maioribus
302 1136 491 1188 sacrificatum
502 1139 561 1197 est,
581 1141 609 1186 et
620 1135 693 1186 diem
712 1150 797 1186 unum
808 1150 870 1201 sup·

63 1207 179 1274 plicatio
191 1204 256 1257 luit.
293 1205 347 1258 Per
357 1206 469 1258 eosdem
481 1205 542 1257 dies
554 1219 589 1255 ex
598 1204 689 1255 literis
699 1205 732 1254 Α.
743 1203 871 1255 Terentii

61 1274 254 1347 propraetoris
273 1275 429 1343 cognitum,
448 1274 478 1327 P.
491 1274 685 1341 Sempronium
695 1273 725 1325 in
735 1273 870 1326 ulteriore

62 1347 219 1413 provincia,
235 1359 318 1411 quum
328 1346 392 1412 plus
401 1360 502 1397 annum
513 1360 596 1414 aeger
606 1345 716 1408 fuisset,
727 1349 868 1397 momuum

63 1430 131 1467 esse.
152 1415 196 1466 Eo
209 1416 345 1466 maturius
355 1416 385 1466 in
395 1415 561 1482 Hispaniam
572 1421 715 1482 praetores
726 1415 796 1466 iussi
806 1429 869 1481 pro·

64 1485 161 1537 hcisci.
189 1482 358 1552 Legationes
375 1484 577 1537 transmarinae
588 1485 689 1538 deinde
700 1487 730 1536 in
740 1492 867 1538 senatum

62 1553 241 1606 introductae
256 1560 329 1607 sunt.
365 1555 460 1606 Prima
471 1555 600 1608 Eumenis
618 1563 646 1608 et
656 1555 808 1607 Pharnacis
825 1569 868 1606 re·

27 1656 30 1671 .
82 1639 138 1687 um,
149 1629 178 1675 et
190 1623 360 1675 Rhodiorum
373 1625 547 1691 querentium
558 1624 592 1676 de
603 1623 800 1690 Sinopensium
813 1624 867 1673 cla-

28 1720 30 1727 ·
81 1710 106 1747 e.
143 1691 385 1760 Philippiquoque
396 1693 494 1760 legati,
513 1699 541 1744 et
552 1693 733 1755 Achaeorum,
745 1699 773 1744 et
784 1694 869 1743 Lace·

63 1762 284 1824 daemoniorum,
295 1763 346 1813 sub
356 1763 430 1813 idem
440 1768 550 1827 tempus
562 1768 704 1812 venerunt.
736 1763 783 1822 lie,
793 1760 869 1825 prius

28 1834 31 1861 ²
63 1832 175 1886 Marcio
187 1832 298 1895 audito,
321 1833 367 1900 qui
379 1831 415 1884 ad
427 1847 472 1884 res
485 1830 622 1883 Graeciae
633 1830 870 1896 Macedoniaeque

63 1901 195 1954 visendas
206 1902 307 1954 missus
318 1909 388 1963 erat,
408 1917 541 1968 responsa
554 1901 619 1953 duta
629 1907 702 1953 eunt.
738 1903 818 1953 Asiae
828 1914 870 1951 rc·

64 1973 144 2038 gibus
157 1987 192 2023 ac
202 1971 320 2023 Rhodiis
338 1988 501 2038 responsum
520 1978 576 2036 est,
595 1972 705 2038 legatos
721 1970 756 2022 ad
767 1984 814 2023 eas
825 1985 870 2021 res

64 2040 194 2093 visendas
206 2041 354 2093 ntissurum
367 2048 503 2093 senatum.

113 2110 164 2162 lll.
176 2109 220 2162 De
229 2110 359 2179 Philippo
371 2116 487 2162 auxerat
498 2126 591 2161 curam
599 2110 729 2161 Marcius.
745 2109 816 2161 Nam
829 2109 871 2159 ita

64 2179 249 2242 larissaeum,
268 2196 341 2247 quae
352 2181 462 2233 senatui
472 2180 650 2245 placuissent,
671 2179 822 2240 fatebatur,
838 2184 872 2228 ut

65 2249 150 2301 facile
163 2257 320 2315 appareret,
331 2266 384 2301 non
397 2251 510 2311 diutius,
522 2265 604 2316 qnam
615 2265 728 2301 necesse
739 2254 821 2310 essct,
831 2248 871 2298 fa·

66 2326 186 2370 uturum.
210 2318 306 2383 Neque
317 2321 463 2371 obscurum
475 2327 535 2369 erat
546 2320 754 2380 rebellaturum,
766 2318 871 2368 omnia·

69 2403 131 2455 qne,
144 2403 216 2454 quoe
227 2394 294 2438 tunc
306 2395 403 2454 ageret
414 2389 583 2453 diceretque,
600 2405 632 2439 eo
641 2395 779 2454 spectare.
815 2388 872 2434 lam

68 2458 189 2524 primum
200 2472 308 2511 omnem
320 2457 380 2509 fere
396 2458 599 2508 multitudinem
610 2459 711 2508 civium
725 2472 760 2507 ex
769 2453 876 2504 niariti-

69 2529 123 2577 mis
135 2527 293 2578 ciritatibus
306 2542 366 2577 cum
377 2527 494 2578 familiis
506 2527 566 2579 suls
576 2527 607 2580 in
618 2527 804 2583 Emathiam,
819 2532 897 2583 affl

69 2611 143 2647 nunc
162 2596 275 2656 dicitur,
297 2598 436 2663 quondam
456 2596 833 2672 appellataraenmoust,
850 2591 915 2660 ”5²5

66 2665 157 2713 diruit:
181 2663 390 2736 Thracibusque
402 2679 432 2727 et
442 2675 513 2731 aliis
524 2676 674 2732 barbam
683 2647 929 2724 „rossemanno
