<?xml version="1.0" encoding="UTF-8"?>
<!DOCTYPE html PUBLIC "-//W3C//DTD XHTML 1.0 Transitional//EN"
    "http://www.w3.org/TR/xhtml1/DTD/xhtml1-transitional.dtd">
<html xmlns="http://www.w3.org/1999/xhtml" xml:lang="en" lang="en">
 <head>
  <title>
</title>
<meta http-equiv="Content-Type" content="text/html;charset=utf-8" />
  <meta name='ocr-system' content='tesseract 3.04.00' />
  <meta name='ocr-capabilities' content='ocr_page ocr_carea ocr_par ocr_line ocrx_word'/>
</head>
<body>
  <div class='ocr_page' id='page_1' title='image "./tliviipatavinih01livigoog_0109.png"; bbox 0 0 1860 2994; ppageno 0'>
   <div class='ocr_carea' id='block_1_1' title="bbox 132 141 775 210">
    <p class='ocr_par' dir='ltr' id='par_1_1' title="bbox 132 141 775 210">
     <span class='ocr_line' id='line_1_1' title="bbox 132 141 775 210; baseline 0.002 -17"><span class='ocrx_word' id='word_1_1' title='bbox 132 141 184 196; x_wconf 85' lang='lat'>102</span> <span class='ocrx_word' id='word_1_2' title='bbox 272 147 305 196; x_wconf 89' lang='lat' dir='ltr'>T.</span> <span class='ocrx_word' id='word_1_3' title='bbox 325 143 430 194; x_wconf 84' lang='lat' dir='ltr'>lell</span> <span class='ocrx_word' id='word_1_4' title='bbox 450 143 495 209; x_wconf 89' lang='lat' dir='ltr'>[U.</span> <span class='ocrx_word' id='word_1_5' title='bbox 507 145 534 194; x_wconf 87' lang='lat' dir='ltr'>C.</span> <span class='ocrx_word' id='word_1_6' title='bbox 548 147 605 208; x_wconf 68' lang='lat'><strong>572.</strong></span> <span class='ocrx_word' id='word_1_7' title='bbox 621 143 652 194; x_wconf 83' lang='lat' dir='ltr'>A.</span> <span class='ocrx_word' id='word_1_8' title='bbox 664 144 694 193; x_wconf 88' lang='lat' dir='ltr'>C.</span> <span class='ocrx_word' id='word_1_9' title='bbox 708 141 775 210; x_wconf 87' lang='lat' dir='ltr'>18o.]</span> 
     </span>
    </p>
   </div>
   <div class='ocr_carea' id='block_1_2' title="bbox 9 248 930 2478">
    <p class='ocr_par' dir='ltr' id='par_1_2' title="bbox 9 248 930 2478">
     <span class='ocr_line' id='line_1_2' title="bbox 134 248 928 317; baseline 0.001 -13"><span class='ocrx_word' id='word_1_10' title='bbox 134 253 257 304; x_wconf 87' lang='lat' dir='ltr'>omnium</span> <span class='ocrx_word' id='word_1_11' title='bbox 268 251 350 316; x_wconf 89' lang='lat' dir='ltr'>primi</span> <span class='ocrx_word' id='word_1_12' title='bbox 361 250 437 300; x_wconf 94' lang='lat' dir='ltr'>nullo</span> <span class='ocrx_word' id='word_1_13' title='bbox 447 250 522 300; x_wconf 92' lang='lat' dir='ltr'>bello</span> <span class='ocrx_word' id='word_1_14' title='bbox 534 256 612 317; x_wconf 85' lang='lat' dir='ltr'>gesto</span> <span class='ocrx_word' id='word_1_15' title='bbox 624 248 840 316; x_wconf 89' lang='lat' dir='ltr'>triumpharunt.</span> <span class='ocrx_word' id='word_1_16' title='bbox 864 253 928 305; x_wconf 89' lang='lat' dir='ltr'>Tau</span> 
     </span>
     <span class='ocr_line' id='line_1_3' title="bbox 131 319 920 388; baseline -0.009 -14"><span class='ocrx_word' id='word_1_17' title='bbox 131 327 192 374; x_wconf 87' lang='lat' dir='ltr'>tum</span> <span class='ocrx_word' id='word_1_18' title='bbox 204 321 300 373; x_wconf 88' lang='lat' dir='ltr'>hostes</span> <span class='ocrx_word' id='word_1_19' title='bbox 311 320 388 371; x_wconf 87' lang='lat' dir='ltr'>ducti</span> <span class='ocrx_word' id='word_1_20' title='bbox 397 325 461 370; x_wconf 88' lang='lat' dir='ltr'>ante</span> <span class='ocrx_word' id='word_1_21' title='bbox 473 334 595 371; x_wconf 79' lang='lat' dir='ltr'>currumt</span> <span class='ocrx_word' id='word_1_22' title='bbox 617 321 691 387; x_wconf 86' lang='lat' dir='ltr'>quia,</span> <span class='ocrx_word' id='word_1_23' title='bbox 700 335 751 371; x_wconf 92' lang='lat' dir='ltr'>nec</span> <span class='ocrx_word' id='word_1_24' title='bbox 762 321 838 388; x_wconf 84' lang='lat' dir='ltr'>quod</span> <span class='ocrx_word' id='word_1_25' title='bbox 847 319 893 373; x_wconf 85' lang='lat' dir='ltr'>ier</span> <span class='ocrx_word' id='word_1_26' title='bbox 914 346 920 367; x_wconf 59' lang='lat'>›.</span> 
     </span>
     <span class='ocr_line' id='line_1_4' title="bbox 132 388 928 457; baseline 0.004 -15"><span class='ocrx_word' id='word_1_27' title='bbox 132 397 187 453; x_wconf 88' lang='lat' dir='ltr'>tur,</span> <span class='ocrx_word' id='word_1_28' title='bbox 199 404 287 455; x_wconf 89' lang='lat' dir='ltr'>noque</span> <span class='ocrx_word' id='word_1_29' title='bbox 297 390 371 457; x_wconf 87' lang='lat' dir='ltr'>quod</span> <span class='ocrx_word' id='word_1_30' title='bbox 382 390 531 441; x_wconf 81' lang='lat' dir='ltr'>duceretur</span> <span class='ocrx_word' id='word_1_31' title='bbox 542 395 669 455; x_wconf 90' lang='lat' dir='ltr'>captum,</span> <span class='ocrx_word' id='word_1_32' title='bbox 680 405 768 456; x_wconf 86' lang='lat' dir='ltr'>neque</span> <span class='ocrx_word' id='word_1_33' title='bbox 780 389 854 457; x_wconf 86' lang='lat' dir='ltr'>quod</span> <span class='ocrx_word' id='word_1_34' title='bbox 866 388 928 445; x_wconf 83' lang='lat' dir='ltr'>mili</span> 
     </span>
     <span class='ocr_line' id='line_1_5' title="bbox 132 457 930 525; baseline -0.001 -13"><span class='ocrx_word' id='word_1_35' title='bbox 132 461 208 513; x_wconf 87' lang='lat' dir='ltr'>tibus</span> <span class='ocrx_word' id='word_1_36' title='bbox 219 458 349 521; x_wconf 87' lang='lat' dir='ltr'>daretur,</span> <span class='ocrx_word' id='word_1_37' title='bbox 371 460 515 525; x_wconf 86' lang='lat' dir='ltr'>quicquam</span> <span class='ocrx_word' id='word_1_38' title='bbox 527 459 557 509; x_wconf 92' lang='lat' dir='ltr'>in</span> <span class='ocrx_word' id='word_1_39' title='bbox 567 457 716 524; x_wconf 82' lang='lat' dir='ltr'><strong>triumphis</strong></span> <span class='ocrx_word' id='word_1_40' title='bbox 726 474 824 511; x_wconf 88' lang='lat' dir='ltr'>eorum</span> <span class='ocrx_word' id='word_1_41' title='bbox 835 457 930 512; x_wconf 64' lang='lat' dir='ltr'>ruem</span> 
     </span>
     <span class='ocr_line' id='line_1_6' title="bbox 187 528 930 594; baseline 0.004 -15"><span class='ocrx_word' id='word_1_42' title='bbox 187 528 315 579; x_wconf 85' lang='lat' dir='ltr'>XXXIX.</span> <span class='ocrx_word' id='word_1_43' title='bbox 334 528 441 580; x_wconf 86' lang='lat' dir='ltr'>Eodem</span> <span class='ocrx_word' id='word_1_44' title='bbox 455 542 527 578; x_wconf 87' lang='lat' dir='ltr'>anno</span> <span class='ocrx_word' id='word_1_45' title='bbox 542 530 571 578; x_wconf 95' lang='lat' dir='ltr'>in</span> <span class='ocrx_word' id='word_1_46' title='bbox 584 528 724 594; x_wconf 76' lang='lat' dir='ltr'>Hispania</span> <span class='ocrx_word' id='word_1_47' title='bbox 733 528 850 580; x_wconf 84' lang='lat' dir='ltr'>Fulvius</span> <span class='ocrx_word' id='word_1_48' title='bbox 861 530 930 582; x_wconf 88' lang='lat' dir='ltr'>Fla</span> 
     </span>
     <span class='ocr_line' id='line_1_7' title="bbox 134 597 925 664; baseline 0.001 -14"><span class='ocrx_word' id='word_1_49' title='bbox 134 613 183 651; x_wconf 91' lang='lat' dir='ltr'>cus</span> <span class='ocrx_word' id='word_1_50' title='bbox 193 598 359 664; x_wconf 86' lang='lat' dir='ltr'>proconsul,</span> <span class='ocrx_word' id='word_1_51' title='bbox 381 598 447 664; x_wconf 88' lang='lat' dir='ltr'>quia</span> <span class='ocrx_word' id='word_1_52' title='bbox 456 610 600 648; x_wconf 84' lang='lat' dir='ltr'>successor</span> <span class='ocrx_word' id='word_1_53' title='bbox 610 598 639 647; x_wconf 94' lang='lat' dir='ltr'>in</span> <span class='ocrx_word' id='word_1_54' title='bbox 650 597 821 662; x_wconf 81' lang='lat' dir='ltr'>provinciam</span> <span class='ocrx_word' id='word_1_55' title='bbox 831 598 925 651; x_wconf 84' lang='lat' dir='ltr'>tardiu</span> 
     </span>
     <span class='ocr_line' id='line_1_8' title="bbox 133 664 930 730; baseline 0.003 -12"><span class='ocrx_word' id='word_1_56' title='bbox 133 667 276 729; x_wconf 84' lang='lat' dir='ltr'>veniebat,</span> <span class='ocrx_word' id='word_1_57' title='bbox 297 666 398 718; x_wconf 87' lang='lat' dir='ltr'>educto</span> <span class='ocrx_word' id='word_1_58' title='bbox 420 667 545 718; x_wconf 84' lang='lat' dir='ltr'>exercitu</span> <span class='ocrx_word' id='word_1_59' title='bbox 567 681 602 717; x_wconf 80' lang='lat' dir='ltr'>ex</span> <span class='ocrx_word' id='word_1_60' title='bbox 621 664 743 717; x_wconf 88' lang='lat' dir='ltr'>hibernis</span> <span class='ocrx_word' id='word_1_61' title='bbox 748 703 757 730; x_wconf 86' lang='lat'>‚</span> <span class='ocrx_word' id='word_1_62' title='bbox 777 667 911 720; x_wconf 88' lang='lat' dir='ltr'>ulteriore</span> <span class='ocrx_word' id='word_1_63' title='bbox 929 694 930 710; x_wconf 63' lang='grc' dir='ltr'><strong>ι</strong></span> 
     </span>
     <span class='ocr_line' id='line_1_9' title="bbox 134 734 930 804; baseline -0.003 -13"><span class='ocrx_word' id='word_1_64' title='bbox 134 736 302 791; x_wconf 82' lang='lat' dir='ltr'>celtiberiae</span> <span class='ocrx_word' id='word_1_65' title='bbox 312 735 495 804; x_wconf 83' lang='lat' dir='ltr'>agrum,unde</span> <span class='ocrx_word' id='word_1_66' title='bbox 507 736 542 787; x_wconf 90' lang='lat' dir='ltr'>ad</span> <span class='ocrx_word' id='word_1_67' title='bbox 555 734 724 788; x_wconf 89' lang='lat' dir='ltr'>deditionem</span> <span class='ocrx_word' id='word_1_68' title='bbox 734 750 930 789; x_wconf 81' lang='lat' dir='ltr'>nonveneran</span> 
     </span>
     <span class='ocr_line' id='line_1_10' title="bbox 132 805 920 873; baseline -0.004 -13"><span class='ocrx_word' id='word_1_69' title='bbox 132 807 240 860; x_wconf 90' lang='lat' dir='ltr'>institit</span> <span class='ocrx_word' id='word_1_70' title='bbox 250 812 370 858; x_wconf 81' lang='lat' dir='ltr'>vastare.</span> <span class='ocrx_word' id='word_1_71' title='bbox 407 807 470 869; x_wconf 74' lang='lat' dir='ltr'>Qua</span> <span class='ocrx_word' id='word_1_72' title='bbox 479 820 509 856; x_wconf 93' lang='lat' dir='ltr'>re</span> <span class='ocrx_word' id='word_1_73' title='bbox 520 805 643 857; x_wconf 83' lang='lat' dir='ltr'>irritavit</span> <span class='ocrx_word' id='word_1_74' title='bbox 652 805 754 872; x_wconf 79' lang='lat' dir='ltr'>magis,</span> <span class='ocrx_word' id='word_1_75' title='bbox 775 821 859 873; x_wconf 82' lang='lat' dir='ltr'>quarn</span> <span class='ocrx_word' id='word_1_76' title='bbox 876 821 920 858; x_wconf 90' lang='lat' dir='ltr'>co</span> 
     </span>
     <span class='ocr_line' id='line_1_11' title="bbox 133 875 925 943; baseline -0.003 -13"><span class='ocrx_word' id='word_1_77' title='bbox 133 877 250 937; x_wconf 89' lang='lat' dir='ltr'>terruit,</span> <span class='ocrx_word' id='word_1_78' title='bbox 272 877 380 927; x_wconf 84' lang='lat' dir='ltr'>animos</span> <span class='ocrx_word' id='word_1_79' title='bbox 394 875 595 927; x_wconf 72' lang='lat' dir='ltr'>barbarorumr</span> <span class='ocrx_word' id='word_1_80' title='bbox 613 880 658 937; x_wconf 88' lang='lat' dir='ltr'>et,</span> <span class='ocrx_word' id='word_1_81' title='bbox 678 875 751 927; x_wconf 89' lang='lat' dir='ltr'>clam</span> <span class='ocrx_word' id='word_1_82' title='bbox 771 879 925 943; x_wconf 89' lang='lat' dir='ltr'>comparati</span> 
     </span>
     <span class='ocr_line' id='line_1_12' title="bbox 136 944 930 1014; baseline -0.008 -15"><span class='ocrx_word' id='word_1_83' title='bbox 136 947 236 1014; x_wconf 90' lang='lat' dir='ltr'>copiis,</span> <span class='ocrx_word' id='word_1_84' title='bbox 258 946 360 998; x_wconf 91' lang='lat' dir='ltr'>saltum</span> <span class='ocrx_word' id='word_1_85' title='bbox 376 944 562 1008; x_wconf 84' lang='lat' dir='ltr'>Manlianum,</span> <span class='ocrx_word' id='word_1_86' title='bbox 585 959 634 1011; x_wconf 88' lang='lat' dir='ltr'>per</span> <span class='ocrx_word' id='word_1_87' title='bbox 655 960 736 1012; x_wconf 87' lang='lat' dir='ltr'>quern</span> <span class='ocrx_word' id='word_1_88' title='bbox 757 947 930 999; x_wconf 86' lang='lat' dir='ltr'>transitura</span> 
     </span>
     <span class='ocr_line' id='line_1_13' title="bbox 135 1015 923 1078; baseline -0.003 -8"><span class='ocrx_word' id='word_1_89' title='bbox 135 1018 290 1070; x_wconf 86' lang='lat' dir='ltr'>exereitum</span> <span class='ocrx_word' id='word_1_90' title='bbox 300 1015 454 1066; x_wconf 86' lang='lat' dir='ltr'>Romanum</span> <span class='ocrx_word' id='word_1_91' title='bbox 466 1016 535 1066; x_wconf 90' lang='lat' dir='ltr'>satis</span> <span class='ocrx_word' id='word_1_92' title='bbox 547 1015 683 1078; x_wconf 78' lang='lat' dir='ltr'><strong>sciebant,</strong></span> <span class='ocrx_word' id='word_1_93' title='bbox 696 1015 874 1068; x_wconf 86' lang='lat' dir='ltr'>obsederunt.</span> <span class='ocrx_word' id='word_1_94' title='bbox 909 1016 923 1068; x_wconf 88' lang='lat'>1</span> 
     </span>
     <span class='ocr_line' id='line_1_14' title="bbox 133 1084 918 1154; baseline 0.001 -17"><span class='ocrx_word' id='word_1_95' title='bbox 133 1085 299 1154; x_wconf 83' lang='lat' dir='ltr'>Hispaniam</span> <span class='ocrx_word' id='word_1_96' title='bbox 311 1085 474 1138; x_wconf 76' lang='lat' dir='ltr'>ulteriorem</span> <span class='ocrx_word' id='word_1_97' title='bbox 485 1085 564 1137; x_wconf 88' lang='lat' dir='ltr'>eunti</span> <span class='ocrx_word' id='word_1_98' title='bbox 573 1084 607 1136; x_wconf 88' lang='lat' dir='ltr'>L.</span> <span class='ocrx_word' id='word_1_99' title='bbox 616 1084 762 1138; x_wconf 86' lang='lat' dir='ltr'>Postumio</span> <span class='ocrx_word' id='word_1_100' title='bbox 772 1086 873 1138; x_wconf 83' lang='lat' dir='ltr'>Albino</span> <span class='ocrx_word' id='word_1_101' title='bbox 883 1100 918 1138; x_wconf 92' lang='lat' dir='ltr'>co</span> 
     </span>
     <span class='ocr_line' id='line_1_15' title="bbox 134 1153 912 1226; baseline -0.001 -17"><span class='ocrx_word' id='word_1_102' title='bbox 134 1157 216 1226; x_wconf 83' lang='lat' dir='ltr'>legae</span> <span class='ocrx_word' id='word_1_103' title='bbox 228 1153 369 1208; x_wconf 79' lang='lat' dir='ltr'>Gracchus</span> <span class='ocrx_word' id='word_1_104' title='bbox 380 1155 570 1218; x_wconf 80' lang='lat' dir='ltr'>maudaverat,</span> <span class='ocrx_word' id='word_1_105' title='bbox 578 1157 647 1219; x_wconf 75' lang='lat' dir='ltr'>th.</span> <span class='ocrx_word' id='word_1_106' title='bbox 655 1156 781 1208; x_wconf 81' lang='lat' dir='ltr'>Fulvium</span> <span class='ocrx_word' id='word_1_107' title='bbox 792 1157 912 1209; x_wconf 78' lang='lat' dir='ltr'>certiore</span> 
     </span>
     <span class='ocr_line' id='line_1_16' title="bbox 9 1223 928 1289; baseline -0.005 -6"><span class='ocrx_word' id='word_1_108' title='bbox 9 1278 10 1283; x_wconf 75' lang='grc'>,</span> <span class='ocrx_word' id='word_1_109' title='bbox 135 1223 446 1289; x_wconf 67' lang='lat' dir='ltr'>faeeretTarraconem</span> <span class='ocrx_word' id='word_1_110' title='bbox 454 1226 608 1278; x_wconf 83' lang='lat' dir='ltr'>exercitum</span> <span class='ocrx_word' id='word_1_111' title='bbox 618 1224 829 1279; x_wconf 78' lang='lat' dir='ltr'>adduceretribi</span> <span class='ocrx_word' id='word_1_112' title='bbox 839 1224 928 1278; x_wconf 75' lang='lat' dir='ltr'>dimin</span> 
     </span>
     <span class='ocr_line' id='line_1_17' title="bbox 10 1291 928 1364; baseline -0.001 -15"><span class='ocrx_word' id='word_1_113' title='bbox 10 1291 11 1298; x_wconf 69' lang='grc'>’</span> <span class='ocrx_word' id='word_1_114' title='bbox 58 1308 61 1313; x_wconf 91' lang='grc'><strong><em>·</em></strong></span> <span class='ocrx_word' id='word_1_115' title='bbox 135 1306 288 1360; x_wconf 78' lang='lat' dir='ltr'>veteranos,</span> <span class='ocrx_word' id='word_1_116' title='bbox 314 1298 550 1364; x_wconf 80' lang='lat' dir='ltr'>supplementoque</span> <span class='ocrx_word' id='word_1_117' title='bbox 571 1294 746 1361; x_wconf 73' lang='lat' dir='ltr'>distribuere,</span> <span class='ocrx_word' id='word_1_118' title='bbox 767 1305 796 1348; x_wconf 81' lang='lat' dir='ltr'>et</span> <span class='ocrx_word' id='word_1_119' title='bbox 816 1295 928 1349; x_wconf 79' lang='lat' dir='ltr'>ordinat·</span> 
     </span>
     <span class='ocr_line' id='line_1_18' title="bbox 135 1364 926 1434; baseline 0 -16"><span class='ocrx_word' id='word_1_120' title='bbox 135 1365 550 1419; x_wconf 78' lang='lat' dir='ltr'>omncmexereitumseserelle.</span> <span class='ocrx_word' id='word_1_121' title='bbox 583 1364 653 1418; x_wconf 86' lang='lat' dir='ltr'>Dies</span> <span class='ocrx_word' id='word_1_122' title='bbox 663 1372 827 1434; x_wconf 87' lang='lat' dir='ltr'>quoque‚et</span> <span class='ocrx_word' id='word_1_123' title='bbox 837 1380 898 1433; x_wconf 86' lang='lat' dir='ltr'>cap</span> <span class='ocrx_word' id='word_1_124' title='bbox 921 1386 926 1411; x_wconf 90' lang='grc' dir='ltr'><strong>ι</strong></span> 
     </span>
     <span class='ocr_line' id='line_1_19' title="bbox 134 1436 900 1506; baseline 0 -20"><span class='ocrx_word' id='word_1_125' title='bbox 134 1437 252 1506; x_wconf 77' lang='lat' dir='ltr'>pinque,</span> <span class='ocrx_word' id='word_1_126' title='bbox 264 1436 342 1487; x_wconf 89' lang='lat' dir='ltr'>edita</span> <span class='ocrx_word' id='word_1_127' title='bbox 351 1437 451 1488; x_wconf 82' lang='lat' dir='ltr'>Flacco</span> <span class='ocrx_word' id='word_1_128' title='bbox 462 1441 519 1499; x_wconf 89' lang='lat' dir='ltr'>est,</span> <span class='ocrx_word' id='word_1_129' title='bbox 541 1449 597 1501; x_wconf 92' lang='lat' dir='ltr'>qua</span> <span class='ocrx_word' id='word_1_130' title='bbox 607 1451 752 1489; x_wconf 83' lang='lat' dir='ltr'>successor</span> <span class='ocrx_word' id='word_1_131' title='bbox 763 1443 837 1490; x_wconf 87' lang='lat' dir='ltr'>esset</span> <span class='ocrx_word' id='word_1_132' title='bbox 846 1451 900 1488; x_wconf 84' lang='lat' dir='ltr'>ven</span> 
     </span>
     <span class='ocr_line' id='line_1_20' title="bbox 135 1505 923 1574; baseline -0.004 -16"><span class='ocrx_word' id='word_1_133' title='bbox 135 1522 192 1558; x_wconf 88' lang='lat' dir='ltr'>rus.</span> <span class='ocrx_word' id='word_1_134' title='bbox 228 1507 555 1568; x_wconf 83' lang='lat' dir='ltr'>llaeenovaallatares,</span> <span class='ocrx_word' id='word_1_135' title='bbox 577 1506 703 1571; x_wconf 88' lang='lat' dir='ltr'>omissis,</span> <span class='ocrx_word' id='word_1_136' title='bbox 726 1505 923 1574; x_wconf 84' lang='lat' dir='ltr'>quaeagereir</span> 
     </span>
     <span class='ocr_line' id='line_1_21' title="bbox 136 1575 925 1643; baseline -0.003 -15"><span class='ocrx_word' id='word_1_137' title='bbox 136 1576 282 1638; x_wconf 89' lang='lat' dir='ltr'>stituerat,</span> <span class='ocrx_word' id='word_1_138' title='bbox 302 1577 431 1629; x_wconf 82' lang='lat' dir='ltr'>Flaccum</span> <span class='ocrx_word' id='word_1_139' title='bbox 452 1576 554 1643; x_wconf 88' lang='lat' dir='ltr'>raptim</span> <span class='ocrx_word' id='word_1_140' title='bbox 577 1575 715 1629; x_wconf 85' lang='lat' dir='ltr'>deducere</span> <span class='ocrx_word' id='word_1_141' title='bbox 736 1577 925 1628; x_wconf 86' lang='lat' dir='ltr'>exereitume</span> 
     </span>
     <span class='ocr_line' id='line_1_22' title="bbox 136 1645 910 1714; baseline -0.003 -16"><span class='ocrx_word' id='word_1_142' title='bbox 136 1645 291 1698; x_wconf 81' lang='lat' dir='ltr'>Celtiberia</span> <span class='ocrx_word' id='word_1_143' title='bbox 306 1661 390 1714; x_wconf 87' lang='lat' dir='ltr'>quum</span> <span class='ocrx_word' id='word_1_144' title='bbox 408 1648 560 1714; x_wconf 83' lang='lat' dir='ltr'>coegisset,</span> <span class='ocrx_word' id='word_1_145' title='bbox 581 1646 706 1710; x_wconf 88' lang='lat' dir='ltr'>barbari,</span> <span class='ocrx_word' id='word_1_146' title='bbox 725 1661 826 1698; x_wconf 88' lang='lat' dir='ltr'>causae</span> <span class='ocrx_word' id='word_1_147' title='bbox 842 1646 910 1712; x_wconf 80' lang='lat' dir='ltr'>igna</span> 
     </span>
     <span class='ocr_line' id='line_1_23' title="bbox 137 1715 928 1784; baseline -0.001 -18"><span class='ocrx_word' id='word_1_148' title='bbox 137 1731 217 1767; x_wconf 87' lang='lat' dir='ltr'>suam</span> <span class='ocrx_word' id='word_1_149' title='bbox 229 1715 414 1769; x_wconf 84' lang='lat' dir='ltr'>defectionem</span> <span class='ocrx_word' id='word_1_150' title='bbox 426 1723 456 1768; x_wconf 90' lang='lat' dir='ltr'>et</span> <span class='ocrx_word' id='word_1_151' title='bbox 466 1717 536 1768; x_wconf 88' lang='lat' dir='ltr'>elam</span> <span class='ocrx_word' id='word_1_152' title='bbox 554 1723 715 1784; x_wconf 86' lang='lat' dir='ltr'>comparata</span> <span class='ocrx_word' id='word_1_153' title='bbox 729 1731 808 1767; x_wconf 87' lang='lat' dir='ltr'>arma</span> <span class='ocrx_word' id='word_1_154' title='bbox 824 1715 928 1766; x_wconf 88' lang='lat' dir='ltr'>sensiss</span> 
     </span>
     <span class='ocr_line' id='line_1_24' title="bbox 137 1783 929 1852; baseline 0.001 -15"><span class='ocrx_word' id='word_1_155' title='bbox 137 1801 215 1849; x_wconf 87' lang='lat' dir='ltr'>cum,</span> <span class='ocrx_word' id='word_1_156' title='bbox 232 1794 260 1837; x_wconf 90' lang='lat' dir='ltr'>et</span> <span class='ocrx_word' id='word_1_157' title='bbox 271 1787 444 1852; x_wconf 76' lang='lat' dir='ltr'>pertimuisse</span> <span class='ocrx_word' id='word_1_158' title='bbox 456 1787 524 1848; x_wconf 91' lang='lat' dir='ltr'>rati,</span> <span class='ocrx_word' id='word_1_159' title='bbox 546 1803 580 1841; x_wconf 90' lang='lat' dir='ltr'>co</span> <span class='ocrx_word' id='word_1_160' title='bbox 592 1787 714 1838; x_wconf 83' lang='lat' dir='ltr'>ferocius</span> <span class='ocrx_word' id='word_1_161' title='bbox 725 1785 827 1834; x_wconf 88' lang='lat' dir='ltr'>saltum</span> <span class='ocrx_word' id='word_1_162' title='bbox 838 1783 929 1838; x_wconf 78' lang='lat' dir='ltr'>insed</span> 
     </span>
     <span class='ocr_line' id='line_1_25' title="bbox 136 1853 929 1921; baseline -0.003 -15"><span class='ocrx_word' id='word_1_163' title='bbox 136 1861 210 1906; x_wconf 89' lang='lat' dir='ltr'>runt.</span> <span class='ocrx_word' id='word_1_164' title='bbox 246 1857 297 1906; x_wconf 88' lang='lat' dir='ltr'>llbi</span> <span class='ocrx_word' id='word_1_165' title='bbox 309 1871 370 1907; x_wconf 90' lang='lat' dir='ltr'>eum</span> <span class='ocrx_word' id='word_1_166' title='bbox 382 1856 483 1907; x_wconf 86' lang='lat' dir='ltr'>saltum</span> <span class='ocrx_word' id='word_1_167' title='bbox 495 1857 585 1920; x_wconf 90' lang='lat' dir='ltr'>prima</span> <span class='ocrx_word' id='word_1_168' title='bbox 598 1857 662 1907; x_wconf 88' lang='lat' dir='ltr'>luce</span> <span class='ocrx_word' id='word_1_169' title='bbox 676 1868 777 1921; x_wconf 78' lang='lat' dir='ltr'>agmen</span> <span class='ocrx_word' id='word_1_170' title='bbox 788 1853 929 1904; x_wconf 87' lang='lat' dir='ltr'>Romanu</span> 
     </span>
     <span class='ocr_line' id='line_1_26' title="bbox 64 1920 928 1989; baseline -0.009 -14"><span class='ocrx_word' id='word_1_171' title='bbox 64 1944 71 1964; x_wconf 66' lang='grc' dir='ltr'><strong>ι</strong></span> <span class='ocrx_word' id='word_1_172' title='bbox 137 1925 263 1985; x_wconf 86' lang='lat' dir='ltr'>intravit,</span> <span class='ocrx_word' id='word_1_173' title='bbox 273 1930 387 1989; x_wconf 87' lang='lat' dir='ltr'>repente</span> <span class='ocrx_word' id='word_1_174' title='bbox 397 1939 433 1974; x_wconf 87' lang='lat' dir='ltr'>ex</span> <span class='ocrx_word' id='word_1_175' title='bbox 442 1923 549 1974; x_wconf 87' lang='lat' dir='ltr'>duabus</span> <span class='ocrx_word' id='word_1_176' title='bbox 558 1924 685 1989; x_wconf 88' lang='lat' dir='ltr'>partibus</span> <span class='ocrx_word' id='word_1_177' title='bbox 695 1920 779 1971; x_wconf 90' lang='lat' dir='ltr'>simul</span> <span class='ocrx_word' id='word_1_178' title='bbox 793 1923 887 1973; x_wconf 83' lang='lat' dir='ltr'>exorti</span> <span class='ocrx_word' id='word_1_179' title='bbox 897 1921 928 1973; x_wconf 72' lang='lat' dir='ltr'>br</span> 
     </span>
     <span class='ocr_line' id='line_1_27' title="bbox 76 1978 930 2051; baseline 0 -7"><span class='ocrx_word' id='word_1_180' title='bbox 76 1991 85 2004; x_wconf 79' lang='lat'><strong><em>¹</em></strong></span> <span class='ocrx_word' id='word_1_181' title='bbox 136 1999 195 2044; x_wconf 90' lang='lat' dir='ltr'>stes</span> <span class='ocrx_word' id='word_1_182' title='bbox 208 1994 348 2043; x_wconf 81' lang='lat' dir='ltr'>Romanos</span> <span class='ocrx_word' id='word_1_183' title='bbox 359 1993 530 2043; x_wconf 85' lang='lat' dir='ltr'>invaserunt.</span> <span class='ocrx_word' id='word_1_184' title='bbox 566 1991 648 2051; x_wconf 74' lang='lat' dir='ltr'>Quod</span> <span class='ocrx_word' id='word_1_185' title='bbox 662 1991 712 2042; x_wconf 88' lang='lat' dir='ltr'>ubi</span> <span class='ocrx_word' id='word_1_186' title='bbox 731 1978 930 2044; x_wconf 67' lang='grc' dir='ltr'><strong>ιίιΙὶιἩιιοοιι</strong></span> 
     </span>
     <span class='ocr_line' id='line_1_28' title="bbox 136 2060 929 2129; baseline 0 -17"><span class='ocrx_word' id='word_1_187' title='bbox 136 2061 241 2129; x_wconf 89' lang='lat' dir='ltr'>primos</span> <span class='ocrx_word' id='word_1_188' title='bbox 254 2061 405 2123; x_wconf 90' lang='lat' dir='ltr'>tumultus,</span> <span class='ocrx_word' id='word_1_189' title='bbox 426 2063 454 2115; x_wconf 89' lang='lat' dir='ltr'>in</span> <span class='ocrx_word' id='word_1_190' title='bbox 471 2061 587 2128; x_wconf 77' lang='lat' dir='ltr'>agmine</span> <span class='ocrx_word' id='word_1_191' title='bbox 601 2076 651 2127; x_wconf 92' lang='lat' dir='ltr'>pcr</span> <span class='ocrx_word' id='word_1_192' title='bbox 671 2060 848 2114; x_wconf 80' lang='lat' dir='ltr'>centuriones</span> <span class='ocrx_word' id='word_1_193' title='bbox 868 2067 929 2113; x_wconf 88' lang='lat' dir='ltr'>star</span> 
     </span>
     <span class='ocr_line' id='line_1_29' title="bbox 139 2129 929 2197; baseline -0.001 -15"><span class='ocrx_word' id='word_1_194' title='bbox 139 2145 300 2192; x_wconf 88' lang='lat' dir='ltr'>omnes‚suo</span> <span class='ocrx_word' id='word_1_195' title='bbox 313 2145 448 2197; x_wconf 89' lang='lat' dir='ltr'>quemque</span> <span class='ocrx_word' id='word_1_196' title='bbox 457 2129 529 2192; x_wconf 89' lang='lat' dir='ltr'>loeo,</span> <span class='ocrx_word' id='word_1_197' title='bbox 541 2136 570 2183; x_wconf 91' lang='lat' dir='ltr'>et</span> <span class='ocrx_word' id='word_1_198' title='bbox 581 2145 660 2182; x_wconf 88' lang='lat' dir='ltr'>arma</span> <span class='ocrx_word' id='word_1_199' title='bbox 671 2130 802 2197; x_wconf 86' lang='lat' dir='ltr'>expedire</span> <span class='ocrx_word' id='word_1_200' title='bbox 813 2130 929 2183; x_wconf 81' lang='lat' dir='ltr'>iubend·</span> 
     </span>
     <span class='ocr_line' id='line_1_30' title="bbox 138 2199 928 2269; baseline 0 -18"><span class='ocrx_word' id='word_1_201' title='bbox 138 2199 261 2252; x_wconf 79' lang='lat' dir='ltr'>sedavitr</span> <span class='ocrx_word' id='word_1_202' title='bbox 293 2206 336 2264; x_wconf 86' lang='lat' dir='ltr'>ct,</span> <span class='ocrx_word' id='word_1_203' title='bbox 355 2200 473 2252; x_wconf 79' lang='lat' dir='ltr'>curcinis</span> <span class='ocrx_word' id='word_1_204' title='bbox 493 2200 680 2269; x_wconf 89' lang='lat' dir='ltr'>iumentisque</span> <span class='ocrx_word' id='word_1_205' title='bbox 698 2203 728 2252; x_wconf 91' lang='lat' dir='ltr'>in</span> <span class='ocrx_word' id='word_1_206' title='bbox 748 2217 832 2252; x_wconf 88' lang='lat' dir='ltr'>unum</span> <span class='ocrx_word' id='word_1_207' title='bbox 851 2200 928 2252; x_wconf 90' lang='lat' dir='ltr'>locu</span> 
     </span>
     <span class='ocr_line' id='line_1_31' title="bbox 139 2267 925 2340; baseline 0 -19"><span class='ocrx_word' id='word_1_208' title='bbox 139 2267 354 2339; x_wconf 81' lang='lat' dir='ltr'>coactis,eopias</span> <span class='ocrx_word' id='word_1_209' title='bbox 365 2285 461 2322; x_wconf 85' lang='lat' dir='ltr'>omnes</span> <span class='ocrx_word' id='word_1_210' title='bbox 471 2271 574 2336; x_wconf 87' lang='lat' dir='ltr'>partim</span> <span class='ocrx_word' id='word_1_211' title='bbox 586 2271 763 2340; x_wconf 80' lang='lat' dir='ltr'>ipse‚partirn</span> <span class='ocrx_word' id='word_1_212' title='bbox 775 2270 925 2339; x_wconf 78' lang='lat' dir='ltr'>perlegat·</span> 
     </span>
     <span class='ocr_line' id='line_1_32' title="bbox 138 2340 923 2411; baseline 0 -21"><span class='ocrx_word' id='word_1_213' title='bbox 138 2340 322 2408; x_wconf 84' lang='lat' dir='ltr'>tribunosque</span> <span class='ocrx_word' id='word_1_214' title='bbox 332 2341 460 2405; x_wconf 88' lang='lat' dir='ltr'>militum,</span> <span class='ocrx_word' id='word_1_215' title='bbox 469 2346 501 2393; x_wconf 90' lang='lat' dir='ltr'>ut</span> <span class='ocrx_word' id='word_1_216' title='bbox 511 2347 633 2409; x_wconf 76' lang='lat' dir='ltr'>tenipus,</span> <span class='ocrx_word' id='word_1_217' title='bbox 643 2349 675 2394; x_wconf 91' lang='lat' dir='ltr'>ut</span> <span class='ocrx_word' id='word_1_218' title='bbox 683 2342 762 2394; x_wconf 90' lang='lat' dir='ltr'>locus</span> <span class='ocrx_word' id='word_1_219' title='bbox 773 2340 923 2411; x_wconf 79' lang='lat' dir='ltr'>postulabo</span> 
     </span>
     <span class='ocr_line' id='line_1_33' title="bbox 139 2409 917 2478; baseline 0 -17"><span class='ocrx_word' id='word_1_220' title='bbox 139 2411 197 2463; x_wconf 84' lang='lat' dir='ltr'>sine</span> <span class='ocrx_word' id='word_1_221' title='bbox 208 2412 267 2462; x_wconf 84' lang='lat' dir='ltr'>ulla</span> <span class='ocrx_word' id='word_1_222' title='bbox 275 2411 465 2478; x_wconf 83' lang='lat' dir='ltr'>trepidatione</span> <span class='ocrx_word' id='word_1_223' title='bbox 478 2411 628 2476; x_wconf 83' lang='lat' dir='ltr'>instruxit3</span> <span class='ocrx_word' id='word_1_224' title='bbox 649 2427 710 2464; x_wconf 82' lang='lat' dir='ltr'>curn</span> <span class='ocrx_word' id='word_1_225' title='bbox 725 2411 765 2462; x_wconf 82' lang='lat' dir='ltr'>bis</span> <span class='ocrx_word' id='word_1_226' title='bbox 776 2409 874 2463; x_wconf 80' lang='lat' dir='ltr'>deditis</span> <span class='ocrx_word' id='word_1_227' title='bbox 887 2426 917 2461; x_wconf 87' lang='lat' dir='ltr'>re</span> 
     </span>
    </p>
   </div>
   <div class='ocr_carea' id='block_1_3' title="bbox 107 2477 930 2764">
    <p class='ocr_par' dir='ltr' id='par_1_3' title="bbox 107 2477 930 2764">
     <span class='ocr_line' id='line_1_34' title="bbox 139 2477 915 2552; baseline -0.001 -21"><span class='ocrx_word' id='word_1_228' title='bbox 139 2497 194 2532; x_wconf 85' lang='lat' dir='ltr'>esse</span> <span class='ocrx_word' id='word_1_229' title='bbox 206 2481 366 2535; x_wconf 77' lang='lat' dir='ltr'>admonens.</span> <span class='ocrx_word' id='word_1_230' title='bbox 403 2481 495 2533; x_wconf 76' lang='lat' dir='ltr'>Scelus</span> <span class='ocrx_word' id='word_1_231' title='bbox 507 2491 535 2534; x_wconf 84' lang='lat' dir='ltr'>ct</span> <span class='ocrx_word' id='word_1_232' title='bbox 544 2482 690 2552; x_wconf 78' lang='lat' dir='ltr'>perfidiam</span> <span class='ocrx_word' id='word_1_233' title='bbox 702 2480 772 2543; x_wconf 78' lang='lat' dir='ltr'>iliis,</span> <span class='ocrx_word' id='word_1_234' title='bbox 794 2496 849 2533; x_wconf 84' lang='lat' dir='ltr'>non</span> <span class='ocrx_word' id='word_1_235' title='bbox 858 2477 915 2531; x_wconf 78' lang='lat' dir='ltr'>virt</span> 
     </span>
     <span class='ocr_line' id='line_1_35' title="bbox 140 2546 928 2632; baseline -0.003 -31"><span class='ocrx_word' id='word_1_236' title='bbox 140 2559 207 2614; x_wconf 84' lang='lat' dir='ltr'>lem,</span> <span class='ocrx_word' id='word_1_237' title='bbox 226 2566 276 2603; x_wconf 84' lang='lat' dir='ltr'>nee</span> <span class='ocrx_word' id='word_1_238' title='bbox 291 2552 410 2604; x_wconf 80' lang='lat' dir='ltr'>animum</span> <span class='ocrx_word' id='word_1_239' title='bbox 425 2551 576 2607; x_wconf 74' lang='lat' dir='ltr'>accessisse.</span> <span class='ocrx_word' id='word_1_240' title='bbox 611 2551 741 2604; x_wconf 74' lang='lat' dir='ltr'>Reditum</span> <span class='ocrx_word' id='word_1_241' title='bbox 756 2548 902 2632; x_wconf 61' lang='lat' dir='ltr'>ignobilem</span> <span class='ocrx_word' id='word_1_242' title='bbox 916 2546 928 2598; x_wconf 83' lang='lat' dir='ltr'>i</span> 
     </span>
     <span class='ocr_line' id='line_1_36' title="bbox 116 2618 930 2688; baseline 0.002 -22"><span class='ocrx_word' id='word_1_243' title='bbox 116 2619 267 2683; x_wconf 68' lang='lat' dir='ltr'>patum,</span> <span class='ocrx_word' id='word_1_244' title='bbox 288 2624 398 2675; x_wconf 83' lang='lat' dir='ltr'>clarum</span> <span class='ocrx_word' id='word_1_245' title='bbox 420 2638 454 2674; x_wconf 85' lang='lat' dir='ltr'>rc</span> <span class='ocrx_word' id='word_1_246' title='bbox 474 2619 675 2675; x_wconf 70' lang='lat' dir='ltr'>intemerabilem</span> <span class='ocrx_word' id='word_1_247' title='bbox 693 2636 737 2672; x_wconf 79' lang='lat' dir='ltr'>eos</span> <span class='ocrx_word' id='word_1_248' title='bbox 756 2618 807 2670; x_wconf 76' lang='lat' dir='ltr'>abi</span> <span class='ocrx_word' id='word_1_249' title='bbox 835 2618 930 2688; x_wconf 73' lang='lat' dir='ltr'>fecis·</span> 
     </span>
     <span class='ocr_line' id='line_1_37' title="bbox 107 2689 921 2764; baseline 0.027 -34"><span class='ocrx_word' id='word_1_250' title='bbox 107 2695 249 2741; x_wconf 72' lang='lat' dir='ltr'>cruentos</span> <span class='ocrx_word' id='word_1_251' title='bbox 257 2708 299 2746; x_wconf 75' lang='lat' dir='ltr'>ex</span> <span class='ocrx_word' id='word_1_252' title='bbox 306 2692 423 2751; x_wconf 69' lang='lat' dir='ltr'>recenti</span> <span class='ocrx_word' id='word_1_253' title='bbox 432 2694 518 2751; x_wconf 81' lang='lat' dir='ltr'>caede</span> <span class='ocrx_word' id='word_1_254' title='bbox 528 2693 657 2750; x_wconf 72' lang='lat' dir='ltr'>bostiam</span> <span class='ocrx_word' id='word_1_255' title='bbox 671 2689 793 2764; x_wconf 68' lang='lat' dir='ltr'>glcaics.</span> <span class='ocrx_word' id='word_1_256' title='bbox 812 2695 903 2738; x_wconf 56' lang='grc' dir='ltr'>ΜΨ</span> <span class='ocrx_word' id='word_1_257' title='bbox 919 2710 921 2721; x_wconf 90' lang='grc'><em>·</em></span> 
     </span>
    </p>
   </div>
   <div class='ocr_carea' id='block_1_4' title="bbox 0 0 940 2994">
    <p class='ocr_par' dir='ltr' id='par_1_4' title="bbox 0 0 940 2994">
     <span class='ocr_line' id='line_1_38' title="bbox 0 0 940 2994; baseline 0 0"><span class='ocrx_word' id='word_1_258' title='bbox 0 0 940 2994; x_wconf 95' lang='lat' dir='ltr'> </span> 
     </span>
    </p>
   </div>
  </div>
 </body>
</html>
