1860 2994
68 155 120 210 236
217 157 250 206 T.
269 154 377 206 mvn
395 154 438 221 [U.
450 156 477 205 C.
489 156 547 206 582.
565 153 599 206 A.
611 153 640 204 C.
653 152 724 220 17⁰·l

70 261 183 328 placuit,
194 259 241 326 qui
252 258 418 320 indicarent,
430 274 500 324 quae
509 258 623 309 Patrum
633 262 736 308 senten

69 330 189 382 Munera
198 327 273 380 mitti
283 329 384 395 legatis
395 343 429 379 ex
446 328 517 379 binis
530 328 655 379 millibus
669 325 736 378 aerii

69 400 144 451 ruut.
180 399 296 450 Duobus
307 398 557 466 iratribus-regulis
568 396 637 448 haec
647 395 736 464 praeci

72 482 140 535 ques
152 468 208 520 duo
220 483 255 519 ex
265 469 383 534 quinque
395 466 486 534 pondo
498 469 559 518 auri
570 466 647 530 lacti,
658 471 687 518 et
697 480 736 519 vu

72 544 120 589 tea
129 538 247 606 quinquo
259 552 293 588 er
302 537 403 603 viginti
414 537 520 603 pondo,
541 543 569 589 et
585 538 648 589 duo·
657 537 721 603 equi

72 621 134 658 cum
146 607 323 675 agasonibus,
336 612 364 653 et
376 610 517 667 equestria
527 621 606 656 arma
616 620 649 656 uc
661 605 736 671 sagul

71 675 184 726 mitibus
195 688 289 722 eorum
300 670 482 732 vestimenta,
504 671 735 742 liberis-servisqu

53 744 58 793 i
70 745 170 796 missa:
188 741 238 792 illa
249 741 406 809 petentibus
417 740 495 800 data,
506 746 538 791 ut
548 741 682 792 denorum
693 758 736 806 equ

56 811 271 866 ¹commercium
280 815 368 875 esset,
387 808 579 877 educendique
597 825 631 862 ex
646 808 730 860 ltalia

71 882 160 935 lieret
195 879 296 947 Legati
307 895 367 931 cum
377 878 468 930 Gallis
479 880 559 930 missi
569 886 647 930 trans
657 878 736 945 Alpes

72 949 140 1013 lius,
149 950 188 1001 M.
198 949 331 1001 Aemilius
341 949 477 1015 Lepidus:
498 949 533 1000 ad
544 954 653 1000 ceteros
664 962 736 1016 popu

73 1020 173 1083 cicius,
183 1018 213 1070 P.
228 1018 374 1071 Cornelius
384 1018 491 1081 Blasio,
501 1020 535 1070 Τ.
546 1018 702 1070 Memmius.

127 1087 172 1140 Vl.
191 1088 248 1156 [8.]
266 1087 421 1139 Multarum
436 1087 520 1139 simul
533 1087 669 1140 Graeciae
679 1087 736 1138 Asia

72 1158 200 1219 titatium
222 1157 310 1226 legati
324 1158 439 1209 Romam
460 1162 653 1209 convenerunt.
689 1156 735 1209 Pri

72 1230 183 1282 aienses
204 1227 364 1278 introducti.
400 1226 437 1288 li,
456 1226 502 1290 Se,
524 1225 736 1293 quadruvium

73 1298 250 1364 militumque,
261 1296 296 1347 Ρ.
306 1294 415 1347 buinio
427 1297 566 1350 concutiet
578 1294 736 1351 Μαθηταὶ

72 1366 176 1421 nume
186 1370 382 1430 exposuerunt,
392 1366 486 1434 quibus
496 1383 539 1420 ecs
548 1383 601 1420 non
610 1367 736 1440 usosfiru

73 1444 181 1490 centum
196 1433 283 1486 millia
303 1434 463 1502 imperasse:
481 1438 566 1504 quod,
586 1453 736 1506 quanquam

74 1513 179 1558 terram
190 1504 410 1571 omnificasque
421 1507 503 1560 etium
514 1516 637 1577 agrestes
649 1524 736 1576 pereg

74 1582 165 1629 mento
175 1576 289 1638 alerent,
299 1583 402 1639 tamen,
412 1595 444 1631 ne
456 1580 576 1634 deessent
586 1577 690 1645 officio,
711 1594 736 1629 cc

74 1644 186 1707 etalio,
207 1660 275 1710 quoe
292 1644 506 1713 iniperarentur,
522 1657 667 1718 praestare
686 1663 736 1715 pur

75 1714 192 1778 Milesii,
204 1714 275 1765 nihil
285 1717 459 1783 praestitisse
472 1723 671 1778 mensurantes,
682 1718 707 1766 si
718 1732 735 1783 q

76 1797 142 1837 rare
153 1785 189 1837 ud
199 1785 305 1836 bellum
317 1793 430 1839 senatus
445 1788 543 1849 vellet,
561 1790 703 1853 praestare
717 1800 736 1834 s«

78 1869 154 1917 esse,
172 1854 296 1925 polliciti
315 1862 388 1909 sunt.
424 1855 630 1909 Alabandenses
650 1853 736 1916 templ

75 1921 183 1976 Romae
193 1940 223 1976 se
233 1924 334 1976 fecisse
345 1927 642 1983 commemoraverunt,
653 1920 736 1971 ludos

75 1993 216 2045 versarios
232 1995 257 2045 ei
274 1993 354 2045 divae
374 1993 539 2045 instituisse:
561 1996 590 2042 et
611 2004 736 2041 coronam

95 2061 279 2130 uinqusginta
298 2062 406 2127 pondo,
428 2076 510 2127 quam
530 2062 558 2110 in
572 2059 712 2128 Capitolio
734 2076 736 2083 ·

76 2075 180 2181 ionum
191 2131 250 2180 lovi
260 2130 509 2197 OptimoMaximo,
516 2129 656 2193 attulisse,
669 2135 697 2181 et
709 2146 736 2180 sc

75 2200 148 2251 stria
158 2202 300 2260 trecenta;
319 2214 361 2256 na,
372 2201 417 2250 cui
428 2201 583 2256 iussissent,
593 2200 734 2249 tradituro

75 2268 147 2317 utin
159 2263 295 2329 Capitolio
306 2279 423 2330 ponere,
445 2270 474 2317 et
487 2264 646 2319 sacrificare
668 2266 736 2317 licer

74 2334 152 2386 liant.
172 2333 235 2384 Hoc
248 2338 277 2385 et
287 2332 481 2401 Lampsaceni,
492 2338 635 2402 octoginta
646 2336 736 2403 pondo

76 2402 236 2466 afferentes,
247 2406 386 2470 petebant,
397 2412 660 2467 commemorantes,
681 2403 736 2456 Dis

76 2490 94 2527 a
104 2472 220 2535 Perseo,
237 2485 384 2543 postquam
400 2474 539 2527 Romanus
560 2475 694 2528 exercitus
709 2474 736 2526 in

72 2543 150 2600 nium
158 2543 286 2610 veninat,
307 2562 386 2616 quum
397 2545 444 2597 sub
455 2544 557 2597 ditione
567 2545 676 2606 Persei,
699 2552 726 2594 et

63 2613 288 2691 liops'fuisrent.
326 2618 387 2673 Pro
399 2634 437 2683 eo,
448 2625 475 2670 et
488 2612 557 2683 quod
566 2612 736 2682 innocenti

50 2684 99 2735 m't
110 2688 211 2745 omnia
227 2691 467 2764 praestitissent,
487 2686 519 2741 id
536 2702 565 2740 se
583 2691 695 2738 tantun
705 2693 734 2730 ct
