1860 2994
12 58 318 139 [uxoratum.
335 85 643 156 [o.c.570.A.c.182.]
679 84 712 140 ra

12 184 158 237 :Rorssanis
170 194 275 236 tanturn
288 186 415 238 momenti
432 202 487 238 esse
498 186 650 248 credebam,
671 196 712 249 ut,

12 256 99 315 cllent,
116 253 285 321 imponerent
295 253 473 308 Macedoniae
482 272 582 324 regem,
601 264 712 307 etmeae

22 323 98 389 apud
107 338 151 374 coe
158 322 271 392 gratiae
282 324 452 394 confidebam,
469 324 535 389 quid
544 341 609 391 opus
615 321 711 392 parri·

12 391 68 444 ait?
88 391 140 453 An,
154 401 186 444 ut
195 402 338 445 cruentum
347 394 483 465 fleterna
493 393 574 445 caede
586 393 710 446 diadema

12 462 44 513 u?
66 470 97 511 ut
106 461 161 513 illis
173 460 249 528 ipsis,
268 463 414 529 apudquos
425 472 558 524 nutriero,
577 472 628 515 aut
638 468 711 514 certe

13 547 51 592 a,
66 529 208 597 probitate
221 541 334 599 partam
345 532 473 601 gratiam
482 531 578 594 liabeo,
596 532 621 583 ss‘
631 546 711 596 quarn

13 599 95 662 abeo,
116 600 289 653 exsecrabilis
308 610 337 653 et
355 601 458 654 inrisus
477 602 578 653 essem?
600 599 655 653 nisi
678 598 711 651 T.

12 668 66 721 ium
80 669 181 733 eredis,
202 669 280 722 ouius
295 669 399 723 virtute
413 680 442 723 et
456 668 576 723 consiliis
589 684 712 723 messunc

12 737 78 808 regi,
84 753 163 803 quum
173 747 200 790 et
210 740 267 808 ipse
277 740 331 792 tali
336 740 444 808 pietate
454 739 529 791 rioat
540 740 712 811 cumfratre,

12 816 129 860 eternae
139 809 230 860 caedis
234 809 326 881 fuisse
337 819 484 863 auetoreus.
509 808 585 860 idem
594 824 648 861 non
657 805 712 858 Ro·

12 893 46 929 un
57 879 142 929 solum
150 878 284 946 gratiam,
302 880 349 931 sed
358 878 537 931 Macedonum
546 876 660 938 iudicia,
678 890 713 928 aa

13 946 124 1000 mnium
139 948 251 999 deorum
267 946 454 1015 hominumque
464 962 619 1000 consensum
635 946 713 997 colle·

14 1032 116 1084 ranae
128 1015 217 1067 omnia
227 1031 256 1066 se
266 1015 334 1067 mitt
344 1031 441 1081 parens
457 1016 488 1069 iu
502 1015 649 1069 certamine
658 1030 713 1067 non

13 1102 32 1138 n
43 1082 205 1137 crediderit.
239 1084 325 1148 Idem,
337 1092 466 1152 tanquam
476 1084 505 1136 in
516 1083 579 1135 aliis
591 1082 712 1135 omnibus

13 1154 115 1227 sferior
126 1169 214 1217 essem,
230 1156 269 1206 ad
279 1152 388 1208 sceleris
399 1168 472 1222 spem
482 1152 608 1205 ultimam
617 1152 712 1223 consu·

13 1240 34 1276 ss
41 1223 194 1276 insimulat.
234 1221 282 1276 Vis
291 1223 363 1277 nanc
376 1224 532 1296 formulam
547 1219 712 1291 cognitionis

13 1301 31 1356 l,
50 1301 113 1345 uter
124 1291 257 1358 timuerit,
274 1312 307 1347 ne
318 1295 391 1346 alter
401 1292 513 1363 dignior
522 1290 660 1344 rideretur
670 1306 712 1343 re·

13 1361 154 1415 consilium
164 1363 333 1429 opprimendi
336 1362 443 1434 fratris
449 1362 548 1432 cepisss
554 1359 711 1414 iudicetur!

13 1430 32 1482 Ι.
46 1431 237 1498 Exsequamur
247 1441 337 1483 tamen
347 1449 504 1500 quocunque
513 1433 589 1484 mado
600 1429 712 1501 conflati

13 1498 173 1552 acriminis.
208 1497 337 1551 Pluribus
354 1501 437 1552 modis
449 1519 476 1553 se
489 1502 606 1569 petitum
619 1499 710 1551 erimi-

12 1579 47 1633 st,
58 1577 86 1621 et
96 1584 184 1621 ornnes
195 1567 361 1622 insidiarum
370 1570 429 1621 rias
440 1570 469 1622 in
476 1587 558 1622 unum
569 1569 639 1619 diem
649 1584 710 1621 can·

18 1638 99 1691 Volui
109 1638 233 1693 interdiu
245 1656 304 1692 eum
320 1648 386 1706 post
402 1632 611 1699 lustrationem,
631 1652 712 1702 quum

13 1708 101 1771 inum,
122 1709 280 1777 etquidem,
300 1708 326 1760 si
335 1708 388 1760 diis
396 1710 497 1775 placet,
519 1703 712 1758 lustrationum

13 1778 96 1831 'derer
117 1780 199 1843 nolui,
215 1794 297 1849 quom
308 1780 346 1830 ad
357 1793 466 1830 coenam
476 1772 601 1836 incitari,
615 1788 712 1827 nenena

26 1850 136 1901 tollere.-
156 1849 244 1911 rolui,
265 1863 347 1915 quum
365 1847 537 1901 comissatum
553 1841 656 1915 gladiis
668 1860 712 1898 ac·

13 1934 42 1969 se
53 1917 141 1970 secuti
151 1928 223 1981 sunt,
228 1918 311 1991 ferra
322 1917 483 1987 interficere.
512 1914 645 1982 Tempora
655 1913 713 1982 qui·

16 1988 74 2039 alia
87 1987 144 2039 sint
155 1990 192 2039 ud
206 1987 389 2054 parricidium
403 1990 501 2049 electa,
522 1986 609 2037 rides:
631 1988 713 2045 lusus,

13 2056 33 2120 i,
57 2057 267 2110 comissationis.
306 2055 396 2119 Quid?
416 2056 474 2108 dies
486 2054 593 2122 qualis?
612 2057 712 2120 qualu-

22 2126 172 2189 exercitus,
191 2143 244 2192 quo
257 2125 331 2178 inter
342 2123 456 2178 dinisam
466 2125 617 2186 victimam,
632 2140 713 2192 prae·

13 2195 116 2257 onium,
133 2196 307 2265 quiunquam
317 2195 414 2266 ficere,
431 2194 608 2247 Macedoniae
619 2209 714 2262 rogum

13 2265 97 2334 egiis,
109 2266 160 2318 dua
172 2268 223 2319 soli
235 2277 285 2319 tua
296 2273 415 2334 tegentes
426 2267 524 2326 latera,
535 2273 625 2332 pater,
632 2279 714 2329 proe-

14 2351 89 2397 ansus,
103 2346 130 2387 et
141 2345 261 2388 secutum
270 2346 311 2389 est
322 2335 499 2386 Macedonum
512 2349 617 2401 agmen.
654 2329 713 2381 Hoc

14 2404 75 2456 fiam
95 2405 120 2456 si
129 2406 194 2473 qnid
202 2416 285 2458 antea
296 2403 460 2458 admisissem
472 2404 581 2469 piaculo
593 2400 721 2468 dignum,

14 2488 42 2523 ns
55 2483 81 2526 et
93 2475 217 2542 expiatus
228 2492 319 2538 sacro,
343 2484 401 2528 tum
413 2489 497 2543 quum
507 2472 632 2528 monime
642 2468 676 2518 in
683 2465 736 2543 lio:

14 2542 108 2599 itineri
119 2554 213 2602 nostro
233 2546 444 2610 er'rcutrtdolum
461 2548 601 2613 intuens:
619 2545 755 2614 ‘imum‘

14 2631 98 2680 'imae
107 2620 228 2687 glanno,
245 2623 276 2680 in
288 2629 537 2695 comissationem
547 2618 780 2696 praeparatos,
