1860 2994
88 119 122 170 iil
245 116 278 168 T.
296 113 406 166 LIVIl
426 114 746 184 [U.C.571.A.C.181.]

89 223 207 290 primum
219 221 361 272 fremitum
374 229 528 286 equestrem
540 220 658 282 audivit,
681 223 784 274 avertit
800 240 896 292 equos,

91 298 119 344 et
130 296 224 342 cestra
234 290 344 357 repetit.
381 291 423 340 Eo
436 289 550 341 effusius
565 291 644 356 sequi
659 289 765 345 hostes.
800 292 897 347 Primo

91 363 212 427 equites,
234 374 300 412 mox
317 363 347 412 st
363 360 489 427 peditum
502 361 576 412 acies
592 359 705 425 aderat,
725 358 900 418 hauddubie

92 445 151 496 spe,
164 435 256 482 eastre
266 445 300 483 eo
311 429 358 482 die
369 446 400 482 se
411 435 629 497 oppugnaturos.
650 428 826 499 octngentos
836 448 901 503 pns-

93 515 149 562 nm,
160 515 215 551 non
224 501 301 568 plus,
314 517 332 553 a
341 500 418 552 rnlio
429 501 554 552 aberant.
589 500 699 566 ltnque,
719 502 771 554 ubi
780 498 899 555 Fluctus

93 570 331 623 sntisnbstruetos
349 585 398 622 eos
414 586 432 623 e
447 569 588 638 praesidio
609 575 765 623 castrorum
784 584 901 625 suorum

92 646 172 692 retus
183 641 312 704 estintra
321 640 425 692 vallum
437 642 563 692 exercitu
573 640 722 704 instructo,
732 640 824 695 tribus
835 656 901 711 par-

93 710 170 763 tibus
180 710 263 761 sunni
274 710 402 776 erumpit,
409 710 531 762 clamore
541 724 596 761 non
606 715 716 761 tuntum
726 710 763 764 mi
772 710 901 765 cruorem

93 794 205 849 pugnae
225 778 402 832 excitandum
424 780 549 843 subiato,
571 778 620 831 sed
639 779 726 832 etiem
744 785 789 845 ut,
808 782 902 850 quiin

93 851 234 902 montibus
245 855 332 912 crant,
345 849 519 901 exaudirent.
553 848 612 902 Nee
623 850 726 903 moreti
734 856 814 916 sunt,
836 850 902 920 quin

96 918 288 982 decurrerent,
309 921 382 971 sieut
397 919 566 987 imperatum
576 924 651 983 erat,
674 920 710 971 ud
725 926 833 975 castret
854 920 904 976 ubi

97 989 218 1055 quinque
228 989 348 1040 miiiium
359 996 545 1052 armatorum,
555 1004 610 1040 non
620 989 757 1057 amplius,
770 990 903 1043 relletum

97 1065 160 1110 erut
179 1058 358 1125 praesidium.
395 1060 473 1122 Quos
488 1074 571 1128 quum
591 1065 621 1112 et
641 1060 770 1127 paucitas
790 1074 855 1125 sue,
874 1067 904 1115 et

98 1129 248 1181 multitudo
260 1127 430 1192 hostium‚et
440 1130 591 1197 improvise
600 1144 645 1182 res
654 1128 904 1199 terruisset,prope

98 1199 159 1250 eine
172 1201 324 1251 certamine
336 1203 483 1264 capiuntur
494 1205 595 1251 eastra.
631 1200 746 1263 Castris,
756 1212 828 1322 Ὶιιιιι
839 1208 904 1269 pars

99 1271 219 1321 maxime
228 1284 246 1319 u
255 1269 441 1337 pugnantibus
453 1269 577 1336 conspici
593 1275 716 1337 poteret,
736 1270 766 1323 in
779 1270 833 1322 ecit
845 1269 906 1323 net·

110 1354 139 1387 ru
178 1353 212 1387 m
232 1352 266 1386 m.

99 1338 107 1388 Ι
140 1354 265 1457 εὶῗίὶὲίί.
278 1404 416 1456 Postremi
423 1406 636 1472 Celtiberorum,
648 1408 696 1478 qui
704 1410 734 1463 in
744 1408 804 1462 atie
815 1414 904 1472 erunt,

98 1475 180 1544 primi
192 1473 331 1526 iinmmnm
343 1488 528 1542 conspexerer
547 1478 645 1532 deiude
656 1488 707 1549 per·
716 1484 806 1532 tetam
816 1480 905 1532 eciem

101 1546 243 1613 migutmn
257 1550 310 1609 est,
318 1550 411 1596 cestre
422 1547 527 1600 antisse
537 1564 607 1613 esse,
619 1556 647 1602 et
656 1558 714 1603 tum
726 1560 810 1618 quum
820 1551 908 1602 ninxi-

100 1630 144 1667 me
158 1615 266 1668 erdere.
303 1614 383 1668 Uinde
394 1614 452 1669 iilis
463 1624 565 1683 terror,
575 1620 642 1673 inde
652 1620 785 1673 Rournnis
798 1619 907 1672 animus

101 1685 199 1738 crevit.
234 1686 291 1738 Ιιιιιι
305 1686 411 1740 elnmor
426 1704 542 1742 snorum
560 1690 730 1744 vincentium
752 1689 908 1753 occidebat,

99 1755 155 1806 inm
168 1755 296 1809 ardentia
312 1755 433 1810 hostiurn
450 1767 543 1813 eostre
556 1762 736 1827 apparebunt.
772 1759 908 1814 Celtiberi

99 1841 252 1892 parumper
265 1827 379 1880 incertis
395 1830 496 1881 animis
509 1829 639 1880 iiuetunti
657 1834 731 1880 sunt.
767 1829 908 1894 Ceterum,

99 1902 249 1963 postquam
264 1905 394 1963 receptus
409 1898 499 1963 pulsis
514 1897 608 1948 nullus
621 1902 694 1960 eret,
714 1910 908 1965 necunquam,

99 1965 154 2015 nisi
164 1966 192 2015 in
205 1965 366 2026 certamine,
376 1981 453 2031 spes,
464 1966 634 2032 pertinacius
645 1966 679 2018 de
689 1966 800 2034 integro
812 1982 908 2037 capes-

0 2031 4 2054 ’·
99 2039 165 2085 sunt
176 2048 305 2100 pugnam.
315 2034 382 2085 ,ieie
393 2035 485 2087 medin
494 2038 664 2103 urgebantur
675 2038 801 2089 aeritere
809 2040 909 2104 quintu

99 2103 219 2170 legione.
256 2102 393 2154 Adversus
404 2104 513 2158 laevum
524 2121 624 2171 cornu,
633 2108 663 2159 in
674 2122 728 2175 quo
740 2108 783 2159 sui
794 2108 907 2177 generis

100 2171 285 2239 provincialia
297 2173 404 2225 auxilia
416 2175 584 2228 instruxisse
595 2176 736 2231 Romanos
747 2180 907 2243 cernebant,

100 2256 162 2294 eum
183 2242 290 2295 maiore
312 2243 415 2297 fiducia
433 2245 588 2298 intulerunt
606 2248 694 2317 signa
738 2249 797 2301 Inm
819 2262 907 2316 prope

101 2316 169 2373 erut,
180 2315 212 2362 ut
223 2313 365 2365 sinistrum
376 2330 461 2367 cornu
473 2317 625 2383 pelleretur
630 2318 772 2381 Romanis,
782 2318 812 2370 ni
823 2318 909 2387 septi·

100 2396 146 2433 ma
156 2381 231 2449 legio
241 2385 430 2437 successisset.
465 2386 555 2440 Simul
567 2389 602 2441 ab
613 2388 715 2457 oppido
725 2390 848 2451 Aebura,
859 2389 906 2456 qui

99 2451 129 2502 in
140 2452 279 2518 praesidio
290 2455 382 2507 relicti
397 2463 490 2518 erunt,
511 2458 541 2509 in
561 2461 654 2513 medio
675 2459 776 2512 ardore
796 2472 906 2527 pugneo

1 2536 14 2583 ς
102 2521 284 2587 advenerunt,
305 2530 333 2578 et
344 2526 448 2579 Acilius
458 2527 493 2578 ab
505 2534 585 2597 tergo
597 2534 667 2584 erat.
703 2530 761 2581 Diu
771 2528 800 2579 in
812 2526 905 2579 medio

0 2640 5 2651 ,
99 2596 176 2644 eaesi
199 2595 344 2648 Celtiberi:
371 2598 418 2665 qui
438 2606 617 2668 supererant,
633 2601 664 2651 in
684 2614 780 2650 onmes
801 2597 905 2665 passim

73 2669 184 2718 partes
193 2672 350 2733 capessunt
359 2670 473 2743 fugam.
509 2672 649 2743 Equites,
664 2668 809 2736 nieorum
820 2665 856 2712 in
868 2676 921 2713 m!
