1860 2994
17 39 89 83 ΜΒ.
102 39 200 83 Abin.
212 39 288 83 (ΞΗ.
299 39 343 83 22.
354 39 397 83 23.
409 39 629 99 [U.C·585.A.C.
641 39 707 100 109]
730 39 783 87 253

17 134 152 198 narchus,
179 137 334 203 praefectus
357 138 481 205 equitum
499 139 590 203 gentis
610 139 784 203 Aetolorum,

17 221 43 256 nr
60 206 199 258 sexcentis
216 205 355 273 peditibus
371 214 399 258 et
413 208 553 272 equitibus
572 214 680 259 centum
700 209 785 260 rcnit.

18 275 55 326 tis
66 277 221 337 constabat,
232 292 303 338 eum,
312 281 443 344 tanquam
455 277 490 327 nd
503 277 604 328 Persea
616 277 784 340 tendentem,

17 350 105 395 ratum
115 345 239 397 venisse:
256 352 363 398 mutato
375 347 474 398 deinde
485 363 546 397 cum
558 346 673 397 fortuna
683 348 785 410 animo,

17 414 114 464 imanis
126 430 164 476 se,
186 414 319 467 adversus
332 430 399 482 quos
410 422 537 478 venerat,
558 417 688 467 iunxisse.
725 416 785 468 Nec

17 483 122 550 pillius
134 485 271 548 securior,
292 501 373 553 quam
391 486 510 538 debebat
533 502 607 548 esso,
630 486 705 537 inter
727 492 784 536 taur

17 552 218 622 ›billaingcnia
231 559 301 607 erat.
338 556 438 607 Claros
454 560 597 621 portarum
617 554 786 607 custodium·

17 636 35 673 c
46 636 189 678 murorum
198 640 265 676 suae
276 626 417 691 extemplo
428 626 578 690 potestatis
590 626 668 677 fecit:
685 625 787 676 Dinar-

17 704 61 741 um
69 692 240 760 Aetolosque
251 710 313 746 cum
323 697 466 745 iuuentute
473 693 640 745 Stratiorum
652 695 681 746 in
692 709 785 746 arcem

17 762 173 827 rpraesidii
185 766 303 831 speciem
315 763 429 813 amovit.
464 762 591 824 Perseus,
599 763 633 813 ab
644 765 786 816 imminen-

16 846 54 883 uls
64 832 202 897 superiori
214 833 290 897 parti
301 832 377 882 urbis
388 832 502 882 tumulis
508 835 624 884 tentatis
630 833 785 900 colloquiis,

17 915 65 951 um
76 900 234 950 obstinatos
251 905 333 967 atque
351 900 436 951 etiarn
452 901 518 951 telis
539 902 637 968 procul
658 908 786 955 arcentes

17 968 103 1030 leret,
125 969 246 1036 quinque
257 970 347 1020 millia
357 984 489 1035 passuum
498 971 534 1021 ab
544 975 614 1021 urbe
623 975 701 1021 trans
712 971 786 1022 Peti-

17 1053 73 1090 rum
85 1053 194 1089 amnem
204 1040 298 1105 posuit
307 1045 408 1091 caetra.
442 1039 485 1090 lbi
502 1039 619 1090 consilio
640 1038 787 1101 advocato,

17 1122 65 1159 um
76 1106 257 1160 Archidamus
270 1108 504 1175 Epirotarumque
514 1105 676 1175 transfugae
687 1107 789 1159 retine·

17 1182 57 1240 nt,
75 1176 260 1230 Macedonum
269 1178 408 1245 principes
419 1192 475 1229 non
489 1177 665 1246 pugnandum
674 1192 737 1230 cum
746 1176 788 1230 in-

17 1251 57 1299 ito
79 1252 204 1314 tempore
224 1249 290 1300 anni
311 1254 475 1312 censerent,
504 1248 590 1300 nullis
613 1246 789 1315 praeparatis

17 1318 197 1380 mmeatibus3
208 1334 291 1386 quum
300 1319 426 1387 inopiam
435 1319 512 1387 prius
524 1318 694 1382 obsidentes,
724 1332 790 1370 uuna

17 1388 99 1449 cessi,
120 1389 229 1440 sensuri
240 1394 345 1451 essent,
364 1389 484 1442 maxime
496 1389 570 1456 quod
580 1388 703 1441 hostium
734 1386 790 1440 aud

17 1455 80 1507 ocul
97 1456 160 1508 inde
176 1457 294 1509 hiberna
315 1464 408 1523 erant3
429 1460 544 1510 territus
563 1459 594 1509 in
609 1459 791 1525 Aperantiam

18 1530 78 1578 stra
87 1528 183 1576 movit.
211 1526 345 1592 Aperanti
356 1542 428 1589 eum,
439 1533 554 1594 propter
565 1526 722 1578 Archidami
734 1543 790 1579 ma·

17 1596 108 1647 iamin
119 1611 152 1646 ea
161 1601 245 1662 gente
255 1596 375 1661 gratiam
386 1601 647 1661 auctoritatemque,
654 1610 791 1647 consensu

17 1665 107 1717 onium
120 1669 299 1731 acceperunt:
317 1665 342 1716 is
352 1665 413 1731 ipse
424 1681 485 1716 cum
502 1665 727 1731 octingentorum
740 1665 791 1714 mi·

18 1750 64 1785 um
75 1734 219 1801 praesidio
230 1734 273 1786 his
284 1740 329 1788 est
339 1736 523 1802 praepositus.

34 1802 136 1857 xxru.
156 1803 231 1871 [25.]
251 1804 311 1856 Rex
323 1820 386 1856 curu
396 1819 451 1855 non
464 1803 572 1854 minore
586 1801 737 1855 vexatione
752 1801 793 1854 iu·

17 1878 140 1926 entorum
151 1872 361 1941 hominumque,
381 1889 463 1940 quam
474 1876 599 1935 venerat,
620 1872 649 1923 in
660 1872 780 1924 Macedo

17 1958 58 1994 am
68 1943 161 1995 rediit.
197 1943 314 2011 Appium
329 1951 423 1996 tamen
444 1942 479 1994 ab
497 1942 642 1994 obsidione
652 1941 793 1994 Phanotes

17 2028 62 2064 ma
73 2011 200 2063 ducentis
210 2013 246 2063 ad
257 2012 383 2065 Stratum
394 2012 490 2065 Persei
501 2013 661 2065 summovit.
685 2013 792 2075 Cleuas,

17 2098 47 2133 m
60 2081 201 2148 praesidio
217 2084 399 2150 impigrorum
414 2084 545 2135 iuvenum
563 2082 720 2145 insecutus,
741 2082 792 2134 sub

18 2151 127 2203 dicibus
142 2166 229 2218 prope
243 2153 325 2204 inviis
341 2154 476 2205 montium
496 2152 532 2205 od
553 2153 630 2205 mille
651 2151 793 2204 hominum

17 2222 144 2289 [agmine
155 2222 290 2289 impedito
301 2224 417 2285 occidit,
432 2222 468 2275 ad
477 2222 611 2275 ducentos
623 2224 704 2289 cepit.
741 2225 793 2288 Ap·

17 2308 59 2354 us,
69 2293 208 2359 superatis
225 2293 380 2358 angustiis,
399 2293 430 2343 in
440 2308 550 2361 campo,
571 2308 652 2360 quem
663 2292 796 2344 Meleona

17 2367 104 2424 icant,
123 2364 227 2413 stativa
243 2362 350 2413 dierum
365 2377 515 2428 paucorum
536 2362 644 2413 habuit.
680 2361 796 2411 interim

17 2447 97 2494 evas,
119 2437 260 2498 assumpto
271 2430 462 2494 Philostrato,
483 2433 532 2499 qui
542 2432 727 2495 Epirotarum
734 2443 801 2485 qm-

17 2516 45 2552 m
59 2499 195 2562 habebat,
215 2502 245 2552 in
265 2516 365 2572 agrum
380 2502 614 2573 Antigonensem
629 2487 820 2545 transcende.

17 2571 151 2623 acedones
168 2571 203 2625 ad
221 2573 491 2646 depopulationem
501 2565 661 2643 proiectu,
672 2551 823 2610 whom·
