1860 2994
66 302 101 354 86
210 302 244 353 Τ.
266 295 375 351 Llllll
394 296 439 363 [U.
452 296 482 348 C.
494 298 554 364 571·
570 293 607 347 A.
615 292 646 347 C.
660 293 728 362 181.]

67 404 151 465 urbe,
171 401 276 453 inlusa
286 399 396 451 munite
407 401 436 448 et
446 402 556 449 mentes
568 396 741 464 refugerunt.
770 397 851 469 Phili,

67 488 133 541 pus,
154 470 230 522 omni
245 483 348 538 genere
364 467 471 519 laberis
485 466 546 518 sine
560 466 618 520 ullo
635 465 736 519 ellsetu
747 465 851 536 futigut

67 540 221 602 militibus,
240 545 269 591 et
279 537 381 591 frende
391 537 531 605 praetoris
541 535 633 589 Didus
644 537 736 589 auctis
746 537 777 591 in
788 538 851 593 lilius

68 609 282 733 susgkieienibus,
292 608 323 661 in
331 606 527 661 Macedonium
536 605 631 658 rediit.

148 680 222 733 xlll.
242 679 348 735 Missus
367 676 415 729 hie
434 691 541 738 comes,
560 681 593 727 ut
613 680 677 727 unte
698 674 804 730 dictum
824 690 851 730 es

68 766 153 818 quum
164 748 377 815 simplieitatem
389 747 498 799 iuuenis
508 746 624 808 inuenti,
631 752 660 799 et
671 745 730 797 suis
740 745 817 799 heud
825 747 851 801 in

67 821 170 873 merito
191 818 395 879 succensentis,
415 817 585 869 assentando
605 815 851 885 indignandoquer

67 890 130 956 ipse
141 889 231 943 ricem
241 888 310 949 eius,
331 892 467 953 captaret,
486 887 516 937 in
527 886 622 938 omnin
631 885 707 937 ultro
718 901 799 939 suam
810 886 851 941 off

68 975 134 1012 rens
145 973 269 1025 operum,
286 956 342 1009 lide
352 957 428 1018 deta,
439 970 543 1011 arcuna
554 957 614 1009 eius
625 956 731 1009 elicuit.
768 957 851 1026 Fuge

69 1029 106 1085 ed
122 1030 262 1081 Romanus
277 1026 440 1079 Demetrius
458 1026 656 1079 meditabatur.
692 1025 745 1078 cui
760 1026 851 1079 rensil

69 1098 181 1154 adiutor
200 1097 285 1151 deum
305 1096 442 1149 beneficio
454 1096 567 1165 oblutus
578 1097 728 1149 videbatur
736 1094 851 1149 Pseenlr

68 1173 196 1235 praetor,
217 1182 269 1236 per
288 1166 366 1219 euius
385 1166 556 1234 provinciam
575 1181 651 1234 spem
673 1170 787 1231 ceperat
802 1165 851 1219 slsl

68 1244 132 1291 tutu
143 1251 235 1305 posse.
256 1238 334 1289 ‚Hoc
345 1237 492 1291 eonsilium
502 1236 644 1305 extemplo
654 1240 683 1287 et
693 1233 776 1286 fratri
786 1234 851 1302 prod

67 1314 125 1370 tur,
136 1313 173 1370 et,
185 1313 301 1362 auctore
311 1322 354 1370 eu,
369 1307 512 1361 indicatur
520 1308 603 1373 petri.
634 1303 748 1358 Literae
759 1308 851 1370 primu

68 1377 105 1430 ed
118 1376 292 1431 obsidentem
302 1376 417 1429 Petram
427 1377 613 1429 nlleteesunt.
632 1375 701 1429 lnde
710 1374 851 1427 Herodem

68 1447 215 1513 (princeps
227 1445 272 1497 hie
281 1446 437 1499 amicerum
448 1446 587 1499 Demetrii
598 1450 670 1508 eret)
678 1447 707 1497 in
720 1443 851 1497 custodie

70 1521 116 1568 est
128 1518 284 1576 coniectus,
304 1520 333 1565 et
344 1514 504 1566 Demetrius
521 1515 729 1568 dissimulanter
740 1530 851 1568 asserus

69 1585 172 1635 iussus.
207 1584 287 1634 llaec
297 1596 382 1647 super
393 1587 486 1635 cetere
496 1585 605 1635 tristem
617 1585 766 1636 adventum
778 1585 808 1636 in
817 1583 850 1635 M

70 1652 216 1705 ceduniem
226 1654 286 1719 regi
298 1651 434 1703 iecerunt.
470 1652 625 1705 Movebunt
635 1669 698 1705 eum
710 1659 739 1706 et
749 1667 851 1719 praese

68 1722 112 1773 tis
124 1720 254 1775 criminer
276 1721 480 1788 exspectandos
489 1727 592 1784 temen,
607 1738 677 1791 quos
688 1723 723 1776 nd
734 1722 851 1790 explere

70 1791 109 1843 de
120 1791 213 1843 omnin
223 1792 340 1843 Romam
352 1792 478 1855 miserat,
489 1794 630 1845 censebat.
656 1794 710 1845 llis
722 1792 822 1844 anxius
833 1808 851 1845 e·

68 1860 111 1915 ris
123 1876 207 1927 quum
218 1861 328 1930 aliquot
340 1878 448 1914 menses
459 1863 572 1931 egisset,
589 1862 700 1914 tundent
711 1862 810 1928 legati,
824 1861 851 1913 lu

71 1937 137 1985 aute
148 1932 361 1999 praemeditatis
371 1933 402 1984 in
412 1932 590 1994 Macedonis,
608 1946 679 1996 quae
691 1930 726 1982 sb
736 1931 851 1983 liumus

70 2002 243 2063 nuntiarent,
253 2007 403 2054 venerunt:
425 2002 481 2067 qui,
499 2010 687 2069 supereeteru
698 2000 851 2064 suelermfr

70 2084 117 2119 ses
131 2070 216 2121 etiam
227 2070 337 2132 literas,
349 2071 429 2136 signu
441 2071 600 2123 adulterino
611 2070 644 2121 T.
655 2069 781 2133 Quinctii
790 2071 851 2139 sign

70 2143 125 2197 tas,
136 2137 322 2190 reddiderunt
332 2140 401 2205 regi.
437 2139 607 2206 Depreestio
620 2139 721 2192 eratin
732 2140 837 2205 liter'u,

71 2205 140 2273 quid
150 2205 329 2270 adolescens,
348 2207 593 2279 eupiditateregni
604 2209 764 2276 prolapsus,
784 2224 851 2264 seeu

71 2278 184 2343 egisset.
206 2274 283 2329 Mlti
293 2292 353 2329 sum
363 2278 610 2333 meretricorum
621 2279 851 2361 quensquamssrl

71 2361 148 2397 rum:
167 2362 252 2412 nsque
263 2363 321 2398 sum
332 2362 389 2401 rste
398 2364 461 2414 esse,
478 2350 526 2417 qui
537 2350 620 2403 ullius
629 2350 709 2418 impii
718 2349 851 2403 ronsslt's's

73 2423 134 2466 rtor
146 2414 267 2497 ferturus
277 2415 465 2486 ulissipone.
503 2421 566 2472 llne
576 2420 676 2473 literne
691 2420 774 2473 iidem
786 2418 851 2472 Pers

74 2483 238 2537 criminibus
254 2485 391 2540 lecerunt.
427 2489 525 2556 ltaque
536 2490 718 2553 lleredorus,
738 2494 851 2556 extensu

74 2553 122 2605 diu
132 2557 322 2621 excruciatus,
343 2558 403 2610 sine
418 2558 521 2612 indicio
536 2560 577 2613 rei
591 2559 676 2612 ullius
689 2560 851 2614 intormem

73 2627 200 2679 nneritur.

127 2695 229 2749 XXIV.
249 2695 422 2749 Demetrium
445 2697 545 2749 lterum
566 2698 602 2750 nd
618 2705 728 2764 petrem
739 2713 851 2752 uecusm

64 2768 198 2819 Perseus,
213 2765 295 2838 Fuga
304 2766 514 2835 perl’eeuninm
522 2775 694 2835 praebente
703 2769 851 2835 urguebntt

51 2840 86 2879 et
94 2838 232 2902 corrupti
242 2839 360 2908 quidam
364 2876 375 2907 ‚
396 2845 431 2896 ut
450 2839 577 2896 comites
584 2838 701 2895 'itineris
709 2843 823 2901 testum
834 2852 851 2886 n
