1860 2994
130 120 476 177 L13.XL.GAP.32.33.
490 123 783 197 [U.C.571.A.C.181.]
828 126 863 182 95

61 227 172 291 enimsi,
192 242 320 294 magnam
336 230 449 282 caedem
470 231 590 284 edidere.
627 230 668 282 Ad
688 232 788 299 viginti
809 235 865 284 tria

59 294 286 351 milliaboatium
298 314 331 350 eo
343 299 389 351 die
405 315 500 353 caesas
521 306 604 368 capta
623 307 755 368 quattuor
775 303 866 353 millia

59 368 283 433 etsoptingenti,
305 384 366 420 cum
381 372 458 436 equis
475 370 537 436 plus
548 370 719 437 quingentis,
741 377 769 422 et
786 372 868 438 signa

58 436 196 489 militaria
207 439 350 506 octoginta
362 446 435 491 octo.
454 440 485 491 Μ
541 456 558 492 a
569 440 695 502 victoria,
705 455 759 491 non
769 446 864 492 tamen

57 504 207 559 iooruema
225 505 289 560 luit.
323 510 441 561 Romani
454 509 489 562 de
519 512 608 562 nebus
619 504 777 577 legionibus
793 511 864 561 mili·

57 583 101 629 tes
111 576 210 643 paullo
220 577 283 644 plus
294 578 415 641 ducenti,
426 580 532 631 socium
539 581 633 632 Latini
644 579 764 630 nominis
776 581 864 631 octin-

56 646 138 767 genti
148 645 280 713 triginta,
302 655 480 700 externorum
497 650 674 701 auxiliarium
695 648 750 700 dno
771 648 863 700 millia

69 726 147 767 mina
159 720 188 767 et
197 716 393 785 quadringenti
404 718 574 772 ceciderunt.
602 719 720 771 Praetor
730 720 760 770 in
771 725 864 770 eastra

57 784 195 837 rictorem
205 788 358 838 exercitum
368 787 491 840 reduxit.
527 789 633 840 Acilius
650 804 762 841 manere
775 788 806 839 in
820 802 865 841 ca·

57 856 125 907 stris
136 854 173 907 ab
183 869 214 906 se
224 858 314 924 ceptis
324 858 424 908 iussus.
444 856 561 909 Postero
573 857 619 910 die
629 858 721 925 spolia
731 857 766 909 de
776 856 866 909 bosti-

57 924 112 976 bus
121 923 208 1044 lepte,
219 932 248 977 at
258 941 310 993 pro
323 927 456 980 concione
466 927 580 990 donati,
601 942 716 994 quorum
725 927 814 978 virtus
823 928 865 978 ln·

58 994 84 1045 si
124 996 146 1045 ia
170 1001 260 1047 uerat.

84 1008 241 1116 snXXXlll.
260 1063 371 1116 Sauelis
393 1063 492 1117 deinde
516 1066 546 1117 in
573 1064 705 1131 oppidum
725 1066 865 1117 Aeburam

58 1134 199 1197 ducetis,
212 1148 263 1200 per
274 1134 469 1202 Carpetaniam
481 1134 516 1185 ad
530 1135 707 1185 Contrebiam
718 1134 817 1186 ductae
827 1135 867 1186 lo·

58 1206 166 1271 gioncs.
201 1204 245 1257 Ea
261 1206 328 1257 urbs
351 1204 548 1266 circumsessa,
574 1217 659 1271 quum
679 1217 697 1253 a
718 1202 867 1255 Celtiberis

57 1274 167 1327 auxilia
177 1275 348 1337 emmisset,
359 1275 530 1339 morantibus
540 1274 585 1337 iis,
595 1288 650 1324 non
661 1272 728 1340 quia
737 1272 793 1340 ipsi
803 1288 868 1324 cun·

57 1344 130 1397 ctati
140 1343 212 1407 sint,
230 1344 279 1397 sad
291 1345 358 1415 quia
368 1343 511 1412 proiectos
523 1360 540 1395 a
551 1343 634 1396 domo
650 1343 867 1411 inexplicabiles

58 1413 204 1466 continuis
218 1415 352 1468 imbribus
367 1416 430 1467 rino
445 1422 473 1468 et
494 1413 586 1467 inflati
608 1428 703 1467 amnes
725 1416 867 1477 tenebant,

59 1483 210 1551 desperato
221 1485 326 1537 auxilio
337 1486 496 1549 suorum‚in
507 1486 677 1539 deditionem
688 1485 774 1537 venit.
786 1485 868 1537 Flac·

60 1568 108 1605 cus
119 1568 240 1621 quoque,
251 1557 465 1622 tempestatibus
478 1556 569 1609 foedis
581 1561 703 1618 coactus,
712 1555 868 1606 exercitum

61 1638 171 1676 omnem
182 1624 212 1674 in
222 1626 317 1677 urbem
330 1625 495 1678 introduxit.
531 1624 677 1684 Celtiberi,
697 1624 744 1690 qui
756 1640 773 1675 a
784 1624 868 1674 domo

60 1692 183 1758 proiecti
194 1701 283 1757 erant,
295 1694 446 1746 deditionis
457 1695 556 1761 ignari,
568 1708 651 1759 quum
662 1692 870 1756 tandem,aupe·

60 1763 141 1826 ratis,
150 1763 199 1814 ubi
210 1766 327 1829 primum
340 1764 507 1814 remiserunt
517 1763 633 1822 imbres,
645 1762 788 1821 amnibus,
800 1763 870 1812 Gon·

60 1832 181 1885 trebiam
190 1834 341 1895 reumont,
352 1837 501 1899 postquam
511 1836 604 1882 castra
614 1831 693 1881 nullo
705 1836 785 1882 extra
795 1844 870 1881 moe·

15 1904 18 1997 p
60 1903 108 1955 nia
123 1901 270 1965 viderunt,
292 1908 341 1954 ant
361 1903 391 1952 in
407 1901 524 1953 alteram
534 1906 641 1967 partem
653 1900 791 1951 translata
801 1900 865 1963 rati,

61 1978 109 2022 aut
119 1973 268 2025 recessisse
279 1970 388 2035 hostes,
410 1988 461 2039 per
470 1971 669 2039 negligentiam
681 1970 762 2022 ellusi
773 1970 808 2022 ad
821 1984 870 2036 op·

16 2044 19 2089 l
60 2041 157 2107 pidum
178 2048 365 2094 accesserunt.
401 2044 431 2095 ln
452 2057 499 2093 eos
520 2041 627 2092 duabus
647 2040 736 2108 portis
750 2040 869 2092 Romani

17 2094 20 2195 Ι
61 2111 238 2177 eruptionem
249 2112 392 2174 iecerunt,
412 2116 441 2164 et
456 2111 658 2178 incompositos
679 2111 769 2163 adorti
790 2110 868 2161 sude·

60 2186 136 2232 runt.
148 2182 227 2244 Quae
237 2198 284 2235 res
295 2182 330 2234 ad
341 2182 525 2235 resistendum
535 2197 583 2233 eos
592 2187 620 2233 et
628 2181 663 2232 ad
670 2181 868 2248 capessendam

61 2264 183 2316 pugnam
196 2251 330 2319 impediit,
337 2252 411 2319 quod
422 2268 477 2304 non
487 2266 542 2303 uno
554 2252 672 2317 agmine,
680 2267 729 2303 neo
741 2251 774 2302 od
787 2253 868 2318 signa

61 2319 222 2387 frequentes
233 2324 391 2386 veniebant,
405 2323 501 2374 eadem
512 2338 628 2388 magnae
639 2324 713 2388 parti
725 2322 761 2373 ad
771 2320 868 2386 lugam

15 2404 18 2416 ·
62 2390 148 2441 saluti
161 2390 222 2441 luit.
256 2391 351 2458 Sparsi
363 2394 436 2443 enim
448 2398 511 2443 toto
522 2393 626 2457 passim
639 2407 736 2458 campo
749 2407 778 2442 ac
791 2390 872 2440 diffu-

16 2510 19 2529 .
63 2460 176 2511 derunt:
199 2477 373 2528 necunquam
395 2461 537 2513 corniortos
551 2477 599 2513 eos
615 2462 704 2515 hostia
722 2462 873 2512 circumre-

14 2536 19 2587 ῐ
63 2532 114 2581 nit.
152 2532 258 2583 Ttnmcn
271 2532 305 2581 nd
318 2530 461 2583 duodecim
480 2531 571 2585 millia
586 2539 653 2586 siant
677 2548 781 2586 caesar
802 2531 897 2598 aequa

64 2601 127 2667 plus
148 2601 375 2667 quinquemillia
395 2602 557 2674 hominum,
592 2605 665 2677 equi
687 2594 918 2671 qqqaelngrms

56 2671 134 2732 ,rigna
142 2669 276 2722 militaria
286 2675 443 2741 sexaginta
454 2677 527 2735 (luo,
564 2682 631 2747 quq
640 2673 745 2751 palati
756 2684 776 2721 e
783 2665 868 2729 iuga
876 2656 928 2706 de·
