1860 2994
61 59 114 110 200
206 51 368 108 T.L1V11
390 50 434 117 [U.
448 52 477 101 C.
491 52 548 103 581.
567 49 602 101 A.
615 51 644 100 C.
660 49 727 115 171.]

65 126 772 145 ....-..------——-

63 177 149 214 cauea
162 157 275 212 escendi.
311 157 352 208 Et
362 154 412 216 loir,
425 153 547 205 criminis
559 153 679 222 augendi
690 169 773 203 caasa

62 230 185 285 exercitu
196 245 236 279 rue
246 227 298 278 irre
310 224 449 277 adiicitur.
478 222 597 286 Scilicet,
608 232 648 284 ut,
660 223 731 289 quael
741 238 772 274 no

56 303 155 374 facere
165 313 271 367 queror,
294 294 372 347 arbec
384 309 560 361 occuparem,
583 292 691 345 arcibus
703 292 772 359 impe

56 368 207 440 qroerilia.
248 363 349 418 Vocote
368 361 398 417 in
420 363 563 416 concilium
577 362 712 415 Graeciae
732 361 772 413 eiu

56 456 110 509 per
122 455 188 508 quar
199 437 255 491 iter
266 433 345 507 feri‚·
363 432 691 506 queratur'unurquilibet
702 431 772 485 milit

62 508 211 569 iniuriam
238 522 291 559 non
309 504 452 566 recusabo,
472 503 550 569 quin,
571 502 699 555 rimulato
719 518 772 554 roei

62 577 140 632 aliud
156 576 257 644 petiere
277 573 382 634 ridear.
417 571 711 641 Aetolirethaantiir
727 588 772 639 qm

61 646 182 701 mirimur
192 682 202 709 ,
223 654 320 697 etcum
330 641 441 696 Boeotia
450 641 604 695 amicitiam
616 641 746 713 ferimur.

62 716 259 787 qualiacunque
269 721 398 780 rant,1oer
407 716 512 782 legator
524 727 594 765 neeor
604 729 658 765 non
667 713 753 763 rotam
763 710 772 763 i

62 796 106 850 ta,
127 785 267 839 ueletiam
278 791 410 836 exaurata
424 791 487 835 eunt
501 796 581 849 raeque
599 780 631 834 in
648 790 746 834 renata
764 797 772 833 r

61 857 109 911 uli
117 856 157 909 ol'
176 869 222 908 uor
232 869 282 924 ego
293 853 501 920 dicceptatorer,
520 868 574 905 non
585 861 643 904 tam
654 867 767 920 aequor,

62 936 99 990 te,
111 925 143 992 Q.
186 924 256 989 arci,
264 933 412 991 paternum
422 922 537 975 amicum
549 930 575 974 et
586 920 772 990 ltorqitemma«

63 996 241 1051 Selinuntium
251 994 368 1047 Romam
377 1002 523 1048 accurator
533 991 667 1044 Eumenes
677 1008 772 1044 renero

62 1065 254 1120 calumniando
265 1063 356 1117 omnia
366 1062 598 1130 detorquendoque
608 1071 733 1129 ratperta
743 1069 770 1111 et

62 1134 198 1203 efficeret,
220 1143 247 1187 et
263 1134 430 1201 persuadere
448 1130 522 1185 rotie
542 1140 703 1194 conaretur,
720 1147 772 1183 non

67 1205 210 1258 Graeciam
230 1203 260 1256 in
280 1202 407 1255 libertate
426 1216 495 1263 erre,
516 1209 544 1252 et
563 1210 653 1253 oertro
675 1216 772 1254 noanon

65 1275 155 1340 quoael
164 1288 278 1342 regnum
288 1268 466 1324 Macedoniae
474 1270 607 1323 incolume
617 1279 694 1323 erret.
731 1267 772 1321 Cir

60 1352 147 1413 getur
165 1340 210 1393 liic
231 1340 318 1392 orbiu.-
336 1340 391 1391 erit
399 1356 474 1403 mon,
495 1340 542 1406 qui
555 1351 673 1417 arguat,
694 1340 772 1407 nequi

64 1409 226 1464 Antiochum
237 1413 313 1462 ultra
323 1408 391 1479 iuga
402 1408 489 1464 Tauri
499 1420 626 1463 emotum:
636 1409 772 1480 grauiore}

63 1490 92 1534 to
102 1479 192 1543 Atiae,
212 1497 292 1548 quarn
304 1478 456 1534 Antiochur
468 1480 570 1552 suerit,
581 1482 728 1533 Eumenem
739 1495 772 1531 ea

65 1550 249 1620 conquiescere
260 1549 345 1603 rocior
356 1561 458 1604 oestron
470 1567 563 1617 poree,
576 1552 667 1619 quoad
677 1549 755 1618 regia
766 1582 772 1603 t

64 1620 162 1675 uticii:
181 1638 240 1674 eam
251 1637 341 1673 arcem
357 1638 441 1689 capra
463 1622 557 1688 capita
568 1621 754 1688 finitimarum

65 1690 134 1743 tium
143 1690 306 1759 imperitam.
318 1690 382 1760 Ego
393 1691 469 1754 llaec,
484 1690 515 1752 Q.
526 1689 619 1741 Marci
629 1697 656 1739 et
668 1687 701 1737 Α.
713 1687 772 1739 Atil

64 1769 116 1815 aut
125 1778 143 1812 a
154 1761 228 1812 nolio
239 1760 351 1821 obiecta,
362 1769 412 1812 aut
420 1766 545 1827 purgata
557 1773 575 1807 a
586 1773 626 1807 me
636 1765 712 1823 aunt,
735 1757 772 1806 tal

63 1828 129 1891 ecio,
140 1837 172 1880 ut
182 1845 272 1889 auree,
292 1836 323 1879 ut
335 1828 420 1879 animi
433 1825 601 1879 audientium
611 1823 684 1876 rint:
702 1832 772 1875 nect

62 1898 147 1970 ferre,
159 1897 227 1962 quid
236 1914 294 1964 ego,
305 1904 355 1947 aut
366 1910 420 1962 qua
429 1903 515 1947 niente
527 1891 653 1964 fecerim,
674 1907 754 1956 quam
765 1910 772 1960 ς

65 1968 98 2018 cio
108 1964 138 2016 tt
148 1981 193 2016 oor
205 1966 319 2035 factum
331 1963 484 2030 accipiatis.
504 1961 632 2014 Conrciur
643 1961 710 2014 arilei
719 1979 772 2014 rum

63 2051 105 2088 me
114 2033 242 2085 ocientem
252 2032 409 2098 deliquiae:
428 2042 467 2096 et,
478 2033 502 2083 ri
511 2031 577 2098 quill
587 2032 706 2116 fecerim
717 2033 772 2100 imq

63 2103 218 2170 tiulaprur,
240 2101 395 2170 corrigitur
410 2111 437 2154 et
458 2103 596 2156 currendam
617 2103 772 2174 caotigatio:

62 2188 150 2241 poree.
185 2169 262 2224 Nileil
270 2179 344 2224 certe
354 2171 518 2235 intonabile,
528 2189 577 2224 nec
587 2175 657 2240 quael
669 2174 736 2226 lello
747 2183 772 2227 et

62 2241 274 2313 persequendum
293 2257 348 2293 erre
359 2242 511 2303 ,cernentia
532 2243 667 2296 commiti.-
693 2254 744 2296 aut
756 2250 772 2314 j

64 2310 222 2365 clementiae
238 2311 444 2393 grauitatirque
465 2321 570 2366 vertrae
584 2314 667 2386 farrea
687 2317 771 2384 oulga

62 2390 158 2451 genter
169 2390 217 2445 ert,
227 2398 251 2433 rr
261 2380 360 2434 tolilur
371 2383 402 2434 ele
412 2382 510 2446 cauria,
531 2400 600 2451 quoe
610 2385 657 2438 uix
667 2386 772 2452 querela

56 2451 249 2519 portalatione
260 2451 359 2521 dignae
368 2462 440 2517 runt,
449 2469 528 2506 arma
539 2453 653 2522 capitio,
673 2464 701 2507 et
711 2452 772 2522 regi

50 2520 106 2575 cri'e
115 2522 329 2599 bellainsirtir.
740 2584 747 2594 ἱ

97 2591 205 2651 ΧΜΠ.
226 2596 520 2655 tlaccdiccotioum
529 2587 772 2647 asseufflmw
