1860 2994
79 327 112 380 es
224 329 257 379 r.
278 324 385 377 urvu
405 325 558 393 [rueme.
578 326 610 376 A.
623 326 652 378 c.
667 322 735 392 184⁶]

81 507 148 573 quia
158 512 252 556 tamen
262 504 427 557 immaturae
440 503 479 555 ad
485 504 516 555 id
527 504 600 556 vires
612 512 706 567 erant,
728 507 763 558 ad
777 501 866 561 'morai

37 600 40 605 ·
80 572 309 641 interponendam
321 573 502 637 Demetrium,
513 575 647 626 minorem
659 576 761 637 tilium,
773 579 866 631 mittes

82 646 208 706 Romam,
219 644 302 695 simul
314 644 350 694 ad
361 644 504 715 purganda
516 645 640 707 crimina,
651 645 733 695 simul
745 645 780 696 ad
793 648 866 715 deprr

83 714 281 765 condaminam
293 721 415 777 senatus,
430 715 543 766 statuit:
565 715 635 766 satis
647 716 775 777 credens,
798 717 866 783 ipsu]

83 784 169 835 etiam
180 785 321 844 iuvenem,
343 782 416 849 quod
427 785 532 835 Romae
545 785 625 835 obses
640 784 866 854 specimen-regia

82 852 186 904 indolis
199 851 331 917 dedisset,
343 853 449 920 aliquid
460 856 593 906 momenti
604 852 752 906 facturum.
773 854 866 907 lnterir

83 936 133 990 per
143 921 262 988 speciem
274 923 373 974 auxilii
382 924 531 990 Byzantiis
541 923 664 987 ferendi,
675 939 705 976 re
716 924 779 990 ipsa
790 924 826 976 ud
836 930 865 978 te

83 1007 177 1046 rorem
189 992 295 1059 regulis
307 993 446 1049 Thracum
456 993 646 1057 inficiendum,
658 993 817 1060 profectus,
829 1009 866 1062 pe

85 1063 170 1116 culeis
187 1060 223 1113 iis
238 1076 292 1113 uno
306 1063 428 1128 proelio,
450 1068 479 1112 et
493 1064 633 1111 Amadoco
652 1064 722 1112 duce
739 1070 837 1128 capto,
860 1063 866 1113 l

83 1130 279 1186 Macedoniam
291 1131 392 1192 rediit,
412 1129 504 1181 missis
516 1128 551 1181 ad
567 1130 678 1182 accolas
689 1130 753 1181 istri
768 1129 864 1182 tlumin

83 1202 236 1263 barbaros,
256 1205 288 1251 ut
298 1201 326 1251 in
338 1201 448 1252 ltaliam
462 1202 662 1267 irrumperent,
683 1200 864 1252 sollicitando

84 1274 122 1324 Et
132 1273 162 1323 in
171 1270 362 1337 Peloponneso
378 1272 512 1324 adventus
523 1272 710 1323 Romanorum
723 1271 866 1338 legatorun

85 1344 178 1410 quiex
189 1341 356 1394 Macedonia
367 1345 394 1394 in
406 1342 539 1393 Achaiam
552 1343 594 1392 ire
606 1341 677 1391 iussi
688 1347 782 1402 crant,
793 1355 866 1406 exsp

85 1415 227 1465 ctahatur:
247 1412 379 1477 adversus
393 1425 462 1476 quos
472 1416 504 1458 ut
517 1416 684 1475 praeparata
704 1410 820 1463 consilia
841 1407 866 1459 ha

83 1485 197 1541 herent,
216 1480 356 1546 Lycortas
368 1484 482 1544 praetor
492 1479 643 1529 concilium
655 1480 765 1532 indixit.
801 1478 845 1531 lbi
856 1479 866 1528 ε’

83 1548 314 1610 Lacedaemoniis
329 1554 430 1599 actum.
466 1547 513 1601 Ex
523 1547 643 1602 tortione
662 1567 705 1601 eos
716 1559 866 1602 accusatori

84 1619 192 1687 factos:
214 1625 241 1668 et
252 1615 407 1683 periculum
418 1634 486 1681 esse,
497 1635 530 1670 ne
540 1619 608 1672 uicti
617 1621 705 1688 ntagis
717 1620 831 1672 timendi
843 1618 866 1689 f

84 1695 246 1751 sentences
258 1684 388 1737 bellantes
401 1687 534 1758 ficissent.
572 1688 677 1756 Quippe
688 1689 717 1739 in
731 1690 797 1740 hello
810 1687 866 1739 soei

83 1754 216 1807 Bonnense
234 1754 356 1825 Achaeos
376 1772 453 1808 usos.-
473 1774 545 1810 nunc
565 1761 668 1811 eosdem
688 1757 826 1810 Romanos
848 1774 864 1808 a

85 1826 191 1893 quiores
204 1825 434 1889 Lacedaemoniis,
447 1842 528 1894 quam
539 1829 660 1891 Achaeis,
673 1844 741 1879 esse:
752 1827 866 1878 esbiArer

85 1895 207 1948 etiamst
219 1895 387 1958 Alcibiades,
399 1897 475 1948 ambo
486 1901 602 1960 exsules,
613 1914 660 1948 suo
672 1896 801 1964 beneflcio
813 1904 866 1947 rest

84 1966 149 2029 tuti,
160 1966 323 2033 legationem
333 1965 450 2017 Bonnam
462 1968 588 2018 adsersus
600 1973 710 2033 gentem
723 1963 865 2014 Achaeoru

83 2037 126 2087 ito
136 2037 167 2086 de
179 2034 245 2100 ipsis
257 2035 383 2086 nrseritam
393 2035 577 2100 suscepissent,
588 2034 704 2096 adeoque
713 2029 818 2101 infesta
830 2048 866 2082 ort

84 2105 158 2156 tione
170 2101 212 2152 usi
223 2112 319 2165 essent,
332 2112 363 2153 at
374 2101 471 2168 patria
483 2101 572 2168 parisi,
582 2116 634 2152 non
644 2098 770 2151 restituti
779 2099 810 2152 in
819 2117 866 2153 eun

84 2173 251 2225 viderentur.
280 2172 392 2223 Clamor
403 2169 523 2236 undique
535 2179 621 2230 ortus,
633 2167 751 2220 referret
762 2171 866 2222 nomini

83 2243 136 2294 tim
147 2241 181 2293 de
192 2241 239 2291 iis:
262 2247 298 2301 et,
311 2256 393 2307 quum
406 2240 565 2302 omniane,
586 2254 642 2289 non
660 2241 791 2302 consilio,
812 2255 866 2308 gen

85 2318 194 2372 rentur,
217 2311 315 2376 capitis
327 2309 451 2359 damnati
463 2315 534 2360 sunt.
570 2307 677 2359 Paucos
689 2316 753 2376 post
766 2309 825 2360 dies
837 2308 866 2359 lh

85 2381 160 2431 mani
172 2380 259 2447 legati
269 2384 413 2432 venerunt.
446 2379 500 2430 llis
512 2378 617 2430 Clitore
626 2379 656 2429 in
665 2380 783 2431 Arcadia
794 2376 866 2430 datm

87 2457 130 2502 est
141 2449 299 2500 concilium.

136 2514 264 2570 mlxvi.
283 2518 446 2585 Priusquam
467 2524 582 2586 agerent
603 2519 766 2586 quicquam,
796 2522 866 2569 terrt

88 2587 203 2641 Achaeis
213 2588 332 2639 iniectus
343 2596 404 2640 erat
422 2595 451 2640 et
468 2591 616 2656 cogitatio,
637 2604 717 2655 quarn
728 2604 782 2640 non
793 2603 830 2639 ex
844 2603 866 2638 a·

87 2674 141 2725 quo
152 2659 320 2724 disceptatio
332 2657 428 2709 futura
437 2666 523 2723 esset3
536 2660 608 2727 quod
620 2662 720 2710 Areum
731 2664 759 2709 et
769 2656 866 2709 Alcibir

87 2731 164 2790 dem,
186 2729 287 2794 capitis
305 2729 340 2779 ab
357 2745 387 2780 se
402 2729 431 2778 in
446 2731 566 2781 concilio
586 2728 714 2796 proximo
734 2727 865 2777 damnato

68 2809 134 2841 cam
143 2798 256 2862 legatis
267 2797 469 2865 sidebantnec
482 2798 591 2854 hiscere
603 2799 750 2868 quisquam
759 2795 866 2846 audeha

47 2857 165 2916 Appius
173 2878 220 2929 ea,
229 2883 314 2935 -quac
325 2875 406 2942 apud
417 2882 559 2930 senatum
570 2870 672 2941 questi
680 2860 866 2919 enuntiamus
