1860 2994
22 39 190 94 nmxnv.
202 39 693 108 cin.10.1r.[u.c.5ei.i.c.1es.]
712 39 763 95 aar
781 105 787 121 1

21 151 87 213 ypto
98 147 212 212 potitus,
229 146 328 197 relicto
338 142 464 210 Memphi
476 146 580 196 maiore
591 145 765 211 Ptolemaeo,

20 230 134 282 regnum
151 216 247 281 quaeri
262 217 320 266 suis
331 215 436 266 risibus
447 213 612 276 simulabat,
633 218 767 268 utricton

28 299 94 335 mox
106 286 319 351 aggrederetur,
340 286 368 334 in
380 283 490 350 Syriam
508 285 658 335 exercitum
675 287 762 338 abdu-

45 354 105 404 Nec
120 352 202 403 huius
215 354 367 404 voluntatis
384 355 445 404 eius
456 352 570 418 ignards
584 353 762 408 Ptolemaeus

21 423 219 474 iconterritum
235 424 386 476 obsidionis
402 429 478 473 metu
495 423 632 473 minorem
646 423 762 477 fratrem

21 499 89 556 eret,
109 508 192 558 posse
203 509 233 544 se
243 495 331 559 recipi
344 492 545 555 Alexandreae,
566 499 595 543 et
608 508 706 544 sorore
717 496 763 546 ad·

21 567 81 625 nte,
103 554 195 613 et'non
207 562 424 628 repugnantibus
435 559 533 612 fratris
544 563 651 626 amicis,
669 570 763 628 ratus3

21 646 77 681 ium
93 633 128 683 ed
142 647 280 692 sororem,
303 629 402 681 deinde
421 629 458 680 ad
476 629 591 681 fratrem
603 635 763 700 amicosque

22 716 95 764 ,non
107 704 183 767 prius
197 701 309 752 destitit
321 701 441 760 mittere,
454 713 533 764 quam
547 714 642 764 pacem
654 717 715 752 cum
726 703 763 754 iis

21 770 147 821 irmaret.
177 769 338 835 Suspectum
349 766 513 819 Antiochum
526 769 665 832 eii'ccerat,
678 771 763 837 quod,

23 843 188 906 raAegypto
199 839 253 888 sibi
264 837 490 898 tradita,‘Pelusii
500 837 623 888 validum
633 841 763 892 relictum

21 909 209 974 :praesidinm
226 908 392 973 Apparebat,
404 907 652 974 claustraAegypti
664 911 763 972 teneri,

24 993 107 1044 quum
118 977 216 1038 vellet,
237 992 334 1027 rursus
347 979 497 1029 exercitum
508 976 666 1028 induceret:
685 980 763 1030 bello

21 1049 93 1098 stino
104 1063 164 1097 cum
176 1046 336 1097 fratreeum
349 1045 452 1097 exitum
462 1045 530 1107 fore,
551 1051 583 1096 ut
593 1046 691 1109 victor,
709 1047 764 1099 fos·

24 1116 187 1180 certamine,
207 1131 382 1183 nequaquam
393 1130 443 1182 par
453 1113 590 1167 Antiocho
601 1114 711 1167 iuturus
722 1132 764 1168 es·

49 1187 140 1248 Haec,
158 1187 311 1254 prudenter
327 1184 523 1237 animadversa
533 1202 550 1237 a
560 1186 681 1248 maiore,
702 1201 764 1237 cum

21 1270 76 1307 insu
87 1257 179 1308 minor
188 1256 289 1320 irater,
308 1257 409 1324 quique
420 1271 483 1306 cum
494 1271 527 1306 eo
540 1261 632 1319 orant,
653 1271 764 1321 accepe-

21 1336 40 1377 :2
59 1341 140 1378 soror
157 1327 305 1392 plurimum
324 1326 447 1389 adiurit,
466 1340 522 1376 non
540 1326 658 1377 consilio
670 1325 762 1389 modo,

21 1396 105 1448 etiam
117 1397 253 1463 precibus.
289 1397 395 1462 ltaque,
407 1397 646 1448 consentientibus
656 1397 776 1449 cunctist

21 1464 128 1528 eiecta,
148 1464 351 1516 Alexandream
363 1465 510 1529 recipitur,
530 1480 565 1515 ne
583 1467 780 1516 multitudine¹¹

21 1534 71 1587 lem
84 1536 263 1586 adversante:
284 1549 354 1600 quae
365 1533 393 1583 in
404 1533 494 1594 bello,
513 1548 569 1583 non
580 1548 630 1597 per
642 1534 765 1584 obsidio·

21 1646 23 1655 .
35 1604 136 1665 modo,
155 1604 202 1655 sed
214 1603 298 1654 etiam
314 1609 460 1669 postquam
472 1617 489 1652 a
501 1603 645 1652 moenibus
657 1602 765 1652 absces-

32 1680 83 1736 est,
92 1672 233 1740 quianibil
240 1689 273 1724 ex
280 1674 410 1739 Aegypto
420 1668 634 1730 subvehebatur,
643 1672 765 1720 omnium

21 1760 52 1795 un
64 1749 207 1795 attenuata
225 1742 322 1809 inopia
338 1745 408 1792 erat.
444 1740 499 1790 llis
511 1755 593 1806 quum
604 1739 704 1790 laetari
714 1742 767 1791 An·

21 1812 83 1865 bom
100 1812 270 1865 conveniens
286 1816 377 1872 esset,
397 1810 422 1860 si
436 1808 590 1860 reducendi
608 1809 667 1859 eius
682 1825 767 1863 causa

21 1884 111 1935 scitum
123 1886 279 1951 Aegyptum
291 1879 457 1939 induxisset,
473 1894 528 1945 quo
541 1879 668 1946 specioso
680 1881 766 1932 titulo

21 1968 108 2003 »mnes
123 1954 205 2004 Asiae
222 1958 250 2002 et
261 1950 397 2002 Graeciae
415 1949 558 2013 civitates,
579 1948 766 2015 legationibus

21 2021 129 2089 piendis
147 2022 292 2087 literisque
308 2018 497 2081 dimittendis,
516 2032 584 2069 usus
597 2025 672 2080 erat,
694 2019 766 2070 adeo

21 2090 153 2150 offensus,
174 2095 205 2138 ut
225 2089 313 2142 multo
329 2089 421 2140 acrius
439 2087 623 2154 infestiusque
635 2089 768 2141 adversus

21 2176 45 2220 s,
67 2173 149 2225 quani
169 2163 233 2209 ante
253 2158 388 2210 adversus
406 2173 505 2220 unum,
524 2166 637 2224 pararet
652 2159 768 2211 bellum.

24 2244 85 2281 rum
102 2227 242 2292 extemplo
260 2227 378 2278 classem
389 2229 483 2279 misit:
504 2228 578 2295 ipse,
600 2229 689 2295 primo
701 2242 768 2278 vere

21 2319 24 2349 ι
44 2298 168 2350 exercitu
185 2299 342 2363 Aegyptum
359 2302 469 2363 petens,
491 2300 520 2348 in
537 2299 638 2349 Coelen
656 2296 768 2363 Syriam

21 2369 108 2421 cessit.
125 2369 206 2418 Circa
214 2365 562 2418 RhinocolurePtolemaei
572 2366 673 2430 legatis
685 2379 768 2431 agen·

21 2456 38 2490 s
54 2438 174 2507 gratias,
196 2436 269 2504 quod
285 2451 335 2503 per
351 2452 413 2488 eum
427 2434 692 2507 regnumpatr'ium
701 2442 787 2477 sece-

21 2514 67 2577 et,
85 2507 316 2576 petentibusque,
337 2513 372 2560 ut
382 2524 469 2561 suum
478 2502 760 2560 manducarem,
775 2493 808 2559 ἓξ

21 2584 65 2627 ret
70 2578 174 2644 potius,
188 2579 257 2648 quid
272 2581 337 2639 fieri
348 2581 460 2649 vellet,
466 2568 682 2652 quam,lxust'xa
693 2576 738 2610 ex
743 2562 808 2604 §W

24 2646 89 2698 Lrn
107 2650 179 2702 Tou.
195 2650 230 2708 V,
564 2637 606 2692 Y*
