1860 2994
75 487 175 542 Latini
193 485 228 535 dc
248 485 310 533 iure
332 481 474 547 pontificio
492 485 584 544 crant3
605 487 711 546 septem
729 481 832 534 Graeci
847 482 884 537 de

78 554 229 620 discipline
238 551 402 619 sapientiae,
424 564 494 616 quae
504 548 583 600 illius
593 549 696 600 aetatis
708 564 769 602 esse
779 552 883 618 potuit.

75 623 180 679 Adiicit
190 621 288 674 Antias
299 619 440 682 Valerius,
460 617 663 687 Pythagoricos
674 617 771 684 fuisse,
785 620 885 690 vulga

76 700 125 745 tae
141 691 282 758 opinioni,
303 705 358 756 qua
376 689 511 752 creditur,
533 685 712 756 Pythagorae
726 686 884 745 auditorem

76 761 166 813 fuisse
187 761 319 823 Numam,
342 759 488 812 mendacio
509 758 650 825 probabili
672 758 883 817 accommodate

75 831 140 891 ilde.
176 829 270 882 Primo
282 831 317 881 ab
330 829 445 890 amicis,
465 828 553 894 quiin
565 842 596 879 re
606 828 749 893 praesenti
760 827 883 892 fuerunt,

75 899 229 953 libri‘lecti.
258 899 328 950 Mox
338 897 464 964 pluribus
474 897 630 965 legentibus
640 899 726 964 quum
736 898 883 967 vulgaren-

75 976 131 1033 tur,
148 971 182 1033 Q.
194 968 323 1022 Petillios
334 974 448 1034 praetor
456 968 588 1030 urbanus,
607 967 752 1018 studiosus
762 968 884 1034 legendi,

76 1054 126 1093 eos
137 1039 224 1092 libros
235 1055 252 1091 a
263 1038 295 1089 L.
308 1037 420 1090 Petillio
438 1036 565 1101 sumpsit.
601 1035 640 1087 Et
656 1042 717 1088 erat
732 1035 884 1089 familiaris

76 1122 151 1173 usus,
174 1108 249 1177 quod
260 1108 379 1159 scribam
390 1121 452 1159 eum
464 1111 599 1173 quaestor
610 1104 643 1166 Q.
654 1103 785 1157 Petillios
797 1106 826 1156 in
838 1106 884 1159 ‹le-

77 1179 183 1230 curiam
195 1179 312 1248 legeret.
327 1176 421 1228 Lectis
431 1191 524 1227 rerum
535 1176 657 1238 summis,
668 1189 751 1242 quum
762 1175 885 1228 auimed·
898 1192 902 1197 ·

75 1248 221 1310 vertisset,
239 1247 371 1314 pleraque
383 1243 622 1299 dissolvendarum
634 1244 802 1312 religionum
813 1260 884 1306 esso,

75 1315 111 1370 L.
120 1316 234 1370 Petillio
244 1317 325 1380 dixit,
338 1315 401 1369 Sere
411 1331 454 1368 eos
464 1315 546 1367 libros
557 1313 688 1383 inignem
698 1314 885 1369 coniecturum

76 1403 147 1440 esse:
164 1387 252 1455 prius,
271 1402 352 1456 quum
362 1386 520 1458 desereret,
539 1401 566 1438 se
578 1383 603 1435 εἰ
610 1383 781 1452 permittere,
796 1384 850 1449 uts',
861 1384 885 1436 ss'

77 1458 150 1527 quod
159 1473 205 1510 seu
214 1458 270 1520 ius,
292 1473 338 1509 reu
349 1455 484 1508 auritium
495 1471 522 1506 se
533 1452 631 1505 babere
641 1455 679 1507 od
692 1471 735 1507 eos
751 1455 833 1508 libros
844 1471 885 1507 re·

72 1528 204 1596 petendos
224 1526 407 1589 existimaret,
435 1523 622 1592 experiretur:
652 1523 683 1575 s'd
702 1525 814 1595 integra
835 1541 885 1577 sun

75 1595 438 1717 tttlttttttzltll..
452 1593 885 1717 lillt‘lllt'‘’llltllt

76 1732 270 1784 iusiurandum
292 1731 358 1786 dero
376 1738 505 1800 peretum
523 1749 584 1786 esse
599 1733 709 1798 aiebat,
730 1733 819 1787 libros
835 1746 884 1785 eos

75 1801 135 1868 legi
144 1804 304 1869 servarique
315 1818 371 1855 non
381 1809 521 1871 oportere.
549 1802 668 1855 Senatus
681 1805 798 1866 censuit,
809 1801 884 1855 sarta

76 1870 239 1935 babendum,
260 1874 332 1942 quod
348 1883 464 1942 praetor
484 1872 674 1926 iusiurandum
691 1873 885 1942 polliceretur:

76 1941 160 1994 libros
180 1942 271 2010 primo
293 1959 398 2013 quoque
418 1951 537 2012 tempore
557 1942 587 1996 irs
604 1942 714 1995 comitio
730 1942 885 1996 cremandos

77 2028 148 2064 esee:
167 2014 287 2081 pretium
293 2029 347 2082 pro
357 2013 443 2076 libris,
453 2020 584 2080 quantum
595 2011 627 2074 Q.
638 2011 751 2063 Petillio
759 2012 887 2078 praetori

77 2082 229 2150 maiorique
241 2082 319 2149 parti
329 2083 500 2136 tribunorum
507 2079 595 2148 ptsbr's
605 2079 757 2141 videretur,
778 2080 885 2135 domino

77 2167 132 2201 esse
147 2152 308 2202 solvendum.
338 2151 369 2201 ld
383 2150 476 2201 scriba
489 2162 545 2198 non
557 2146 673 2213 accepit.
703 2146 783 2197 Libri
794 2148 824 2199 in
837 2165 883 2203 co·

76 2218 172 2279 mitio,
192 2219 257 2283 igne
270 2217 461 2270 evictimariis
473 2216 564 2280 iacto,
582 2216 613 2267 in
624 2221 776 2283 conspectu
785 2219 886 2286 populi

78 2287 196 2338 cremati
205 2292 279 2339 sunt.

129 2352 220 2406 XXX.
230 2355 363 2424 Magnum
372 2353 478 2406 bellum
489 2368 523 2408 ee
532 2357 642 2407 aestate
654 2359 783 2407 coortum
792 2354 823 2406 in
833 2356 885 2408 lli·

77 2423 174 2490 spanie
185 2424 326 2477 citeriore.
341 2424 382 2476 lld
393 2424 514 2491 quinque
524 2429 553 2476 et
563 2424 683 2492 triginta
693 2425 786 2476 millia
794 2423 885 2477 homi·-

76 2508 150 2553 num‚
163 2501 294 2559 quantum
306 2508 445 2561 nunquam
455 2493 545 2547 ferme
556 2499 647 2558 antee,
663 2494 801 2547 Celtiberi
811 2509 885 2546 com·

76 2570 252 2629 paraverant.
289 2563 322 2625 Q.
332 2563 450 2616 Fulvius
461 2563 578 2617 Flaccus
589 2580 651 2616 eam
661 2565 810 2617 obtinebat
820 2578 884 2631 pro·

76 2632 207 2684 vinciam.
239 2634 276 2696 Is,
287 2634 351 2700 quia
362 2648 471 2686 armare
482 2634 656 2687 iuventutem
669 2635 825 2686 Celtiberos
836 2648 885 2687 eu·

77 2701 182 2763 dierat,
198 2703 307 2768 etipse,
324 2709 566 2771 quantapoterat,
583 2703 810 2756 asociisuuxilia
820 2717 884 2755 oon·

76 2775 217 2835 traxeret3
237 2771 285 2824 sed
304 2789 478 2842 nequaquam
497 2787 611 2825 numero
631 2773 751 2824 militum
772 2771 884 2827 hostem

67 2841 220 2903 aequabat.
241 2842 387 2912 Principio
398 2844 473 2898 reris
485 2843 639 2898 exercitum
647 2842 678 2892 in
688 2842 885 2908 Carpetaniam

51 2901 146 2968 ‘'1¹¹1't,
161 2916 194 2962 et
202 2919 300 2972 castro
310 2915 424 2976 locarit
436 2915 473 2976 ad
484 2909 894 2990 oppidumbebursmmodxss
