1860 2994
137 113 210 166 Lis.
221 112 286 167 XL.
298 114 371 167 Cre.
381 112 426 169 30.
438 111 480 168 ³1.
497 111 793 183 [u.c.571.·s.c.181.]
833 113 868 166 93

61 217 205 290 praesidio
221 218 251 268 in
261 220 329 270 urbe
344 221 445 284 posito.
482 218 583 270 Paucis
597 226 663 284 post
674 218 773 271 diebus
785 219 859 271 Celti

60 288 135 351 beri,
155 286 248 338 millia
259 286 314 338 duo
327 288 415 340 ferme
425 287 498 351 inde,
514 289 565 339 sub
578 288 650 340 colle
661 295 815 354 posuerunt
826 305 870 341 ca-

61 365 131 411 stra.
168 359 247 421 Quos
258 357 307 408 ubi
319 357 417 410 adesse
433 363 549 424 praetor
559 357 700 409 Romanus
710 358 811 422 sensit,
829 358 870 410 Mt

42 444 45 449 ·
61 426 196 482 Fulvium
207 427 323 479 fratrem
336 443 398 493 ¹cum
411 427 517 480 duabus
530 427 630 478 turmis
644 426 783 478 sociorum
795 427 872 496 equi·

61 505 125 551 tum
135 495 174 548 ad
184 501 277 548 castra
287 495 408 548 bostium
419 497 592 564 speculatum
604 497 694 559 misit,
716 511 797 563 quam
807 511 871 564 pro-

61 566 140 621 xime
150 566 299 619 succedere
310 566 346 619 ad
355 566 460 618 vellum
472 567 587 629 iussum,
597 572 630 618 ut
639 567 752 629 viseret,
765 571 872 633 quanta

62 641 171 699 essent;
192 650 286 703 pugna
297 635 464 698 abstineret,
484 636 678 704 reciperetque
689 650 750 687 sese
758 670 767 698 ,
787 635 811 685 si
822 634 872 686 bo·

61 706 152 758 stium
163 706 317 771 equitatum
328 712 477 759 exeuntem
489 705 614 757 vidisset.
650 706 702 768 lta,
717 710 750 756 ut
760 719 871 771 praece·

62 781 144 842 ptum
155 780 223 838 erat,
234 773 312 827 fecit.
332 775 386 828 Per
397 775 458 827 dies
469 776 578 842 aliquot
588 774 658 826 nihil
667 776 744 826 ultra
755 779 873 836 motum,

80 858 149 896 uam
165 849 197 895 ut
206 842 259 897 hee
270 844 341 897 duae
352 850 463 898 turmae
478 844 704 898 ostenderentur:
728 845 792 896 dein
807 843 871 896 sub·

62 860 248 977 ducerentur,
269 913 317 966 ubi
327 915 465 982 equitatus
478 913 600 967 bostium
612 915 712 966 castris
722 927 872 981 procucur-

63 984 176 1036 rissent.
197 983 347 1035 Postremo
358 983 501 1047 Celtiberi,
513 984 640 1036 omnibus
653 984 737 1035 simul
747 984 872 1050 peditum

64 1054 247 1121 equitumque
259 1052 348 1118 copiis
359 1052 459 1102 castris
470 1055 584 1120 egressi,
590 1053 651 1104 scie
664 1053 771 1105 directa
779 1052 873 1105 medio

63 1120 155 1176 ferme
165 1121 261 1188 spatio
273 1120 347 1172 inter
355 1120 422 1172 bina
433 1127 528 1173 castre
537 1122 732 1173 constiterunt.
756 1123 873 1188 campus

63 1198 129 1246 erat
142 1191 243 1258 planus
259 1190 347 1242 omnis
364 1195 393 1242 et
408 1196 490 1257 aptus
501 1205 620 1259 pugnae.
657 1189 700 1240 lbi
710 1195 814 1241 stetere
824 1189 875 1240 lli·

65 1262 148 1331 spani
161 1259 273 1315 hostem
288 1264 492 1328 exspectantes.
528 1260 669 1311 Romanus
684 1261 760 1311 intra
769 1258 874 1312 vallum

65 1347 134 1385 suos
155 1331 295 1383 continuit
315 1345 365 1397 per
385 1330 562 1399 quatriduum
585 1330 760 1382 continuum:
781 1336 810 1382 et
830 1327 875 1380 illi

67 1402 168 1456 eodem
183 1402 248 1455 loco
259 1401 348 1453 aciem
358 1401 525 1454 instructam
535 1405 692 1454 tennerunt.
721 1399 762 1451 Ab
774 1400 874 1452 Roma-

66 1474 109 1524 nis
118 1468 193 1522 nihil
208 1475 324 1523 motum.
360 1471 426 1524 lnde
436 1472 565 1538 quievere
575 1471 604 1522 in
616 1470 716 1522 castris
728 1469 874 1532 Celtiberi,

68 1542 135 1608 quin
146 1555 255 1609 pugnae
267 1541 348 1608 copia
358 1557 414 1594 non
426 1542 522 1594 fiebat:
535 1542 644 1609 equites
657 1547 767 1592 tantum
778 1541 807 1590 in
818 1545 875 1590 sta·

67 1612 175 1664 tionem
189 1610 415 1677 egrediebantur,
435 1617 466 1662 ut
476 1613 570 1678 parati
586 1615 692 1672 essent,
713 1609 820 1677 siquid
838 1609 874 1660 ab

67 1679 151 1733 ho'ste
161 1686 330 1733 moveretur.
360 1679 436 1732 Pone
448 1686 542 1732 castra
551 1681 663 1746 utrique
673 1679 836 1744 pabulatum
846 1683 876 1729 et

67 1750 207 1819 lignatum
219 1749 307 1814 ibunt,
318 1751 411 1801 neutri
424 1750 530 1802 alteros
541 1749 735 1814 impedientes.

16 1864 18 1873 .
120 1818 223 1872 XXXI.
244 1819 363 1870 Praetor
378 1819 532 1882 Romanus,
553 1818 603 1869 ubi
623 1817 693 1868 satis
708 1821 754 1867 tot
767 1815 875 1867 dierum

68 1890 165 1958 quiete
181 1889 300 1941 credidit
311 1904 390 1956 spem
403 1888 509 1941 factam
520 1888 610 1950 hosti,
630 1884 700 1937 nibil
713 1903 743 1938 sc
754 1887 875 1954 priorem

67 1965 223 2022 moturum,
242 1958 275 2008 L.
287 1959 405 2010 Acilium
424 1975 485 2010 eum
500 1959 547 2009 ala
561 1958 677 2008 sinistre
692 1963 721 2008 et
731 1972 780 2009 sex
790 1956 876 2008 milli·

18 2050 21 2079 :
67 2030 117 2080 bus
128 2028 343 2095 provincialium
362 2028 531 2079 auxiliorum
543 2027 689 2079 circumire
699 2034 821 2079 montem
834 2028 875 2076 iu-

17 2096 21 2201 p
67 2099 126 2159 bet,
146 2098 194 2166 qui
205 2099 240 2150 sb
252 2096 470 2166 tergohostibus
482 2104 556 2161 erat3
576 2097 648 2160 inde,
662 2096 711 2147 ubi
723 2096 875 2149 clamorem

67 2168 203 2232 audisset,
216 2167 363 2220 decurrere
373 2165 410 2217 ad
421 2173 514 2219 castra
525 2182 629 2218 eorum.
653 2166 743 2220 Nocte
754 2163 876 2236 profecti

67 2243 147 2299 sunt,
167 2253 202 2290 ne
223 2242 338 2304 possent
357 2234 488 2304 conspici.
525 2237 643 2289 Flaccus
659 2237 722 2289 luce
736 2239 828 2304 prima
843 2235 872 2284 C.

68 2306 253 2369 Scribonium,
265 2306 436 2373 praelectum
450 2306 566 2369 socium,
587 2306 623 2358 ad
634 2307 739 2359 vallum
750 2306 873 2358 hostium

13 2396 16 2415 ¹
65 2394 128 2429 cum
151 2377 291 2444 equitibus
312 2376 543 2428 extraordinariis
554 2377 685 2428 sinistrae
698 2378 759 2429 alae
777 2375 873 2426 mittit.

14 2480 17 2515 t
65 2449 144 2510 Quos
155 2447 202 2497 ubi
213 2454 241 2498 et
251 2448 365 2513 propius
376 2445 519 2509 accedere,
540 2452 569 2498 et
579 2447 681 2512 plures,
702 2461 785 2512 qnam
795 2440 874 2493 soliti

12 2517 17 2577 l
66 2516 299 2579 crant‚Celtibe1·i
310 2521 522 2580 conspexerunt,
534 2517 626 2570 omnis
637 2515 788 2584 equitatus
797 2509 889 2561 ebun-

65 2587 145 2638 ditur
161 2587 273 2637 castris:
290 2584 374 2636 simul
392 2592 421 2639 et
433 2587 583 2656 peditibus
606 2590 728 2661 signum
743 2583 787 2635 ad
799 2587 919 2647 exeun-U

61 2657 123 2708 daun
136 2654 225 2709 detur,
260 2652 445 2725 Scribonius,
471 2664 517 2717 uti
540 2664 744 2737 praeceptum
764 2651 855 2704 creles
871 2638 925 2688 W
