1860 2994
70 153 122 204 202
220 145 378 198 '1'.le11
401 146 444 211 [ἵ.
457 146 488 194 C.
501 142 559 193 581.
572 144 604 192 A.
615 142 644 192 C.

71 256 211 307 Bonnanos
222 259 372 314 venerunt,
393 257 421 301 et
431 250 540 302 exsules
551 264 648 301 accuso

71 325 143 387 uriae,
154 328 183 374 ct
194 322 329 373 lsrncnias
339 325 406 387 ipse.

121 390 221 445 XLIV.
239 391 400 443 Chalcidem
409 394 440 440 ut
450 393 565 441 rentum
575 393 628 451 est

69 464 139 515 tium
150 460 302 529 principes,
322 459 351 510 id
362 459 436 526 quod
445 460 566 510 maximo
580 462 648 526 grat

69 532 126 594 uis,
147 546 197 583 suo
208 532 309 598 quiquo
320 531 433 596 proprio
450 529 563 580 decreto
584 527 648 597 regi

69 603 225 666 aspernati,
245 599 380 651 Romanis
391 615 421 651 se
431 599 634 665 adiungebantr

69 676 126 721 torn
142 668 314 721 Boeotorum
331 672 360 719 ln
380 668 464 720 lidern
479 668 648 719 Romanorur

69 752 154 805 quum
165 740 304 791 censebat.
319 738 386 791 lnde
397 737 550 790 cermminc
560 743 648 800 orto,r

68 808 228 875 legatorum
238 807 418 875 perfugisset,
438 806 511 859 haud
523 806 641 857 multum

70 877 212 931 exsulibus
223 878 433 961 fautoribusque
445 890 542 929 eorum
556 876 648 927 interii

68 946 123 1001 hae
133 962 242 1017 quoque
252 949 339 1015 ipsae,
350 949 424 1014 quod
434 946 570 998 Boeotiae
581 960 648 1011 capu

69 1016 193 1069 tumultu
203 1026 298 1081 crant,
309 1017 374 1069 aliis
385 1018 421 1068 ad
430 1031 524 1083 regem
535 1013 648 1067 trahent

70 1084 135 1141 allis
143 1086 183 1141 ad
192 1055 343 1140 Rornados.
365 1088 402 1138 Et
413 1089 495 1138 turba
505 1087 648 1136 Coronaeo

70 1170 188 1225 rumque
198 1161 368 1210 convenerat
377 1156 413 1207 ad
423 1154 647 1207 defendendumd

70 1226 228 1279 societatis.
264 1225 319 1278 Sed
341 1226 501 1277 constantia
519 1225 647 1289 principa

73 1294 201 1347 cladibus
211 1293 337 1361 Philippi
349 1291 546 1360 Antiochique,
566 1299 647 1359 quant

70 1361 189 1417 fortuna
199 1364 309 1429 imperii
320 1362 452 1425 Romani,
472 1363 548 1413 victa
560 1363 647 1414 eaden

72 1438 106 1483 ut
114 1432 261 1485 tolleretur
271 1434 351 1499 regia
360 1432 489 1495 societas,
502 1430 636 1495 decrevit,

72 1506 164 1553 ctores
174 1501 355 1566 paciscendae
367 1501 509 1554 amicitiae
520 1502 645 1566 fuerant,

72 1569 138 1622 dum
160 1570 264 1639 legatis
285 1571 442 1624 Chalcidem
463 1572 555 1637 misit,
578 1573 643 1624 fidoi

72 1641 263 1693 commendari
274 1643 417 1695 civitatem
428 1643 519 1695 iussit.
555 1642 647 1695 Theba

74 1711 175 1763 Atilius
185 1711 253 1764 laeti
265 1713 421 1775 audierunt,
433 1722 616 1777 auctoresque
627 1728 647 1762 e

74 1783 125 1833 tirn
138 1782 256 1849 singulis
265 1781 381 1833 fuerunt
391 1783 428 1832 ad
438 1782 586 1832 renovanda
586 1796 624 1828 un
641 1794 647 1826 r

74 1850 153 1902 tenda
161 1850 279 1902 Romam
289 1850 408 1916 legatos.
441 1851 513 1898 Ante
528 1847 622 1897 omnia
637 1859 647 1894 r

74 1919 229 1980 iusserunt,
252 1924 281 1970 ct
291 1924 420 1968 auctores
431 1915 526 1996 regiae
536 1914 646 1965 societn

76 1986 250 2039 damnarunt.
287 1988 342 2048 lta,
364 1984 439 2051 quod
453 1984 575 2035 maxime
589 1982 646 2033 vol(

74 2053 210 2105 Boeotico
222 2053 575 2120 concilio,Peloponnesurn
586 2053 646 2118 prol

75 2122 204 2174 Cornelio
215 2121 374 2175 Chalcidem
385 2121 528 2173 arcessito.
565 2122 646 2190 Argis

74 2190 110 2242 iis
126 2192 286 2243 concilium:
309 2193 358 2243 uhi
379 2190 448 2243 nihil
469 2192 546 2243 aliud
569 2209 587 2244 a
605 2208 646 2260 gar

74 2260 228 2327 petierunt,
249 2275 330 2326 quarn
342 2269 374 2313 ut
385 2261 463 2313 mille
474 2262 578 2315 milites
590 2263 646 2314 dar«

74 2329 150 2383 dium
162 2330 196 2383 ad
208 2328 367 2385 Chalcidem
378 2332 525 2395 tuendam,
545 2334 644 2384 dumR

75 2408 119 2452 tus
129 2400 158 2451 in
167 2400 313 2453 Graeciam
324 2403 514 2465 truncaretur,
536 2403 646 2454 missum

76 2476 105 2523 at
114 2470 227 2533 Atilius,
249 2473 391 2538 peractis,
412 2488 483 2540 quae
493 2473 602 2540 agenda
614 2473 642 2523 iu

71 2541 212 2609 principio
223 2540 322 2594 hiemis
334 2545 449 2595 Burnum
459 2542 612 2595 redierunt.

118 2610 211 2668 XLV.
227 2614 300 2671 lodo
293 2617 357 2688 le
339 2615 418 2670 atro
428 2612 482 2669 mh
490 2610 571 2665 idern
583 2618 646 2662 tam

51 2681 167 2741 circum
178 2685 296 2748 msulus
306 2693 410 2749 missa
445 2686 525 2743 'lues
545 2684 633 2735 erant
