1860 2994
173 39 224 82 ΖΗ
320 39 353 80 Τ.
373 38 478 80 mvn
499 39 541 94 [υ.
554 39 583 77 υ.
594 39 652 80 581.
672 39 811 94 A.h.171.

175 147 307 200 aquarum
319 130 527 190 difficultatem,
547 143 617 194 quae
627 130 699 178 iuter
710 127 810 192 Sycuri

176 217 248 254 nona
264 205 320 264 est,
339 201 444 251 stativa
462 199 611 260 haberent3
633 204 747 263 repente
763 197 811 262 prii

175 270 382 324 imminentibus
400 268 516 321 tumulis
531 267 672 333 equitatus
688 267 810 334 regiusc

176 345 284 393 matura
297 339 372 405 uisus¹
384 338 526 406 ingentem
542 335 693 386 tumultum
709 336 786 388 fecit.

176 409 320 461 meridiem
330 406 451 476 proiecti
459 407 495 459 ab
506 405 625 473 Sycurio
637 411 729 456 erant:
748 403 811 471 pedi

175 479 228 531 sub
236 479 302 531 luce
313 478 487 544 reliquerant
497 476 526 527 in
539 477 667 541 proxima
673 472 801 540 planitie:

176 547 263 617 iispcr
271 549 301 601 in
314 546 440 610 tumulis,
451 544 515 598 elici
527 559 608 612 posse
619 551 696 595 ratus
708 544 744 595 ad
754 559 811 612 equ

175 633 238 671 men
249 620 399 670 Romanos.
430 617 486 681 Qui
497 621 644 682 postquam
657 613 727 664 nihil
738 629 811 666 more

176 694 233 741 tem
242 689 340 751 mittit,
352 688 401 755 qui
410 687 517 754 pedites
527 687 633 738 referre
646 684 680 737 ad
692 683 811 751 Sycuriu

177 758 269 810 berete
289 758 351 824 ipse
361 772 428 809 nrox
438 759 586 809 insecutus.
616 756 734 807 Romani
744 755 811 822 equi¹

176 826 328 881 intervallo
340 832 497 893 sequentes,
509 825 600 878 sicubi
611 840 722 892 sparsos
736 841 769 877 ac
781 826 811 877 di

177 899 279 951 vadere
299 903 428 965 possent,
456 902 604 965 postquam
625 894 768 947 confertos
789 897 811 946 ai

176 973 260 1036 atque
279 968 391 1021 ordines
405 972 563 1031 servantes,
583 965 726 1030 viderunt,
748 967 811 1033 etip

178 1039 304 1092 redeunt.
512 1039 517 1047 ’

230 1107 313 1161 LXV.
334 1104 414 1171 lnde,
435 1107 558 1160 offensus
568 1105 772 1176 longinquitate
783 1103 811 1156 iti

177 1177 214 1231 ed
231 1176 390 1244 Mopselum
410 1183 504 1229 castra
522 1178 623 1228 movit:
648 1182 677 1229 et
691 1177 809 1228 Ronrani

178 1247 313 1300 cranonis
332 1246 489 1312 segetibus,
508 1247 538 1297 iu
555 1245 762 1298 Phalannaeum
783 1259 811 1312 ag

177 1320 253 1371 eunt.
272 1316 314 1367 lbi
324 1329 407 1381 quum
418 1331 453 1367 ex
463 1315 611 1384 transfuga
621 1323 772 1384 cognosset
782 1331 811 1367 rc

176 1389 286 1437 armato
304 1383 444 1450 praesidio
459 1385 565 1452 passim
579 1393 714 1456 vagantes
726 1403 777 1456 per
788 1403 811 1453 ag

177 1470 227 1508 nos
243 1458 362 1517 metere,
382 1469 444 1506 cum
460 1455 539 1510 mille
560 1458 713 1525 equitibus,
736 1456 809 1510 duob

176 1523 315 1578 Thracum
328 1530 357 1578 et
369 1525 543 1580 Cretensium
557 1529 714 1596 profectus,
730 1543 812 1597 quum

176 1595 332 1651 accelerare
344 1601 468 1663 poterat,
491 1598 580 1652 effuso
601 1601 712 1667 agmine
730 1602 811 1660 isset,

176 1672 381 1735 aggressus—est
393 1667 543 1722 Romanos.
580 1671 677 1721 iuncta
688 1668 811 1720 vehicula

176 1743 290 1799 onusta,
312 1736 390 1789 mille
409 1739 556 1791 admodum
577 1739 733 1805 capiuntur,
752 1750 811 1786 sext

175 1802 311 1856 homines.
347 1804 483 1858 Praedam
502 1806 710 1859 custodiendam
732 1804 811 1854 ducer

174 1879 267 1927 castra
278 1875 410 1926 trecentis
422 1876 593 1926 Cretensium
606 1875 692 1926 dedit.
720 1875 811 1940 lpse‚r

173 1941 262 1997 effusa
273 1943 358 1996 caede
369 1945 463 2012 equite
475 1950 503 1996 et
513 1945 628 2012 reliquis
640 1943 773 2010 peditum,
784 1943 811 1994 di

173 2014 278 2066 ximum
287 2013 467 2079 praesidium,
478 2018 557 2064 ratus
567 2013 640 2065 haud
654 2029 755 2082 magno
769 2029 811 2065 cer
