1860 2994
71 135 121 188 1oi
228 137 261 186 r.
280 133 388 184 urvu
408 134 451 198 [o.
465 132 494 183 e.
507 136 565 200 572.
576 134 609 184 A.
621 134 650 184 e.
665 129 734 196 ree]

69 250 175 308 septem
188 241 278 291 millia
290 239 411 290 bostium
423 255 504 290 caesa
520 254 553 290 eo
571 240 616 290 die
632 238 794 289 traduntur:
817 240 876 292 riri

68 312 143 378 capti
154 311 216 377 plus
226 316 357 376 quattuor
368 309 472 371 millia,
492 309 620 360 ducentis
640 308 820 375 septuaginta
833 323 878 360 se-

68 387 145 449 ptem
155 395 217 431 cum
228 379 317 446 signis
327 379 509 440 militaribus,
531 381 609 444 cquis
621 392 708 444 prope
723 377 800 430 mille
815 392 879 429 cen·

68 459 139 502 tum.
177 449 268 499 Nullis
284 450 383 500 castris
398 462 431 501 eo
448 448 493 500 die
509 449 599 499 victor
614 448 753 499 exercitus
764 447 878 499 mansit.

69 519 198 571 Victoria
213 533 270 568 non
287 518 347 570 sine
369 520 480 569 iectura
498 518 618 568 militum
639 515 703 569 suit.
740 516 876 579 Quadrin-

68 588 149 656 genti
166 588 344 654 septuaginta
360 587 414 638 duo
435 587 539 639 milites
562 587 694 648 llomani,
713 587 822 636 socium
843 600 879 638 ao

68 657 165 708 Latini
176 656 297 707 nominis
308 657 385 708 mille
397 656 492 708 decem
503 662 532 708 et
546 670 660 719 novem,
682 669 745 705 cum
761 654 806 707 his
822 657 879 706 tria

68 727 160 778 millia
170 727 292 778 militum
304 726 516 778 auxiliariorum
533 725 685 791 perierunt.
721 725 766 775 lta
786 725 879 777 victor

70 796 223 858 exereitus,
243 803 379 848 renovata
392 795 487 862 priore
502 796 607 862 glorio,
626 796 815 845 Tarraconem
835 802 880 847 est

69 866 229 934 perductus.
257 865 388 918 Venienti
398 864 498 917 Fulvio
508 865 552 916 Ti.
563 863 743 929 Sempronius
754 868 879 930 prester,

69 937 119 1005 qui
128 934 213 987 biduo
225 942 289 988 ante
302 940 431 998 venerat,
454 934 564 985 obviam
580 934 732 1000 processit:
756 932 879 1000 gratula-

68 1012 173 1074 tusque
184 1011 235 1068 est,
241 1004 526 1073 quodrempublicam
533 1004 647 1071 egregie
654 1003 796 1070 gesisset.
809 1003 880 1054 Cum

69 1088 177 1126 summa
190 1075 348 1138 concordie,
359 1090 430 1143 quos
441 1075 633 1136 dimitterent,
645 1088 769 1141 quosque
779 1072 887 1124 retine·

69 1151 132 1197 rent
144 1145 257 1208 milites,
269 1150 494 1212 composuerunt.
530 1144 597 1195 lnde
608 1143 734 1206 Fulvius,
746 1147 881 1194 exaucto-

69 1215 139 1265 ratis
151 1216 288 1267 militibus
299 1215 328 1265 in
340 1230 424 1266 neves
436 1213 590 1278 impositis,
605 1214 722 1264 Romam
735 1216 779 1262 est
788 1209 881 1278 proie-

71 1290 146 1334 ctus:
167 1283 349 1348 Sempronius
360 1283 390 1333 in
402 1281 582 1333 celtiberiam
594 1282 720 1348 legiones
732 1279 821 1332 duxit.

120 1353 194 1403 XLI.
205 1352 341 1403 Consules
352 1353 432 1402 ambo
445 1352 472 1399 in
482 1351 604 1414 Ligures
614 1351 757 1402 exereitus
766 1351 881 1402 induxe-

68 1426 135 1473 runt
146 1419 262 1470 diversis
277 1422 414 1485 partibus.
450 1418 610 1468 Postumius
628 1421 723 1484 prima
744 1424 774 1472 et
793 1421 881 1473 tertia

68 1491 182 1555 legione
193 1489 331 1539 Balistam
351 1486 607 1553 Suismontiumque
626 1496 737 1544 montes
757 1489 881 1543 obseditr

71 1565 108 1621 et,
118 1557 268 1624 premendo
279 1557 425 1626 praesidiis
435 1562 571 1626 augustos
581 1559 673 1611 saltus
682 1574 795 1622 eomnr,
804 1574 882 1612 com-

70 1634 179 1680 meatus
200 1629 374 1691 interclusit,
401 1626 553 1694 inopiaque
574 1629 699 1679 omniurn
716 1644 811 1680 rerum
832 1643 882 1680 eos

70 1698 239 1765 perdomuit.
260 1699 384 1759 Fulvius,
394 1698 517 1750 secunda
528 1703 556 1750 et
568 1705 669 1766 quarta
678 1699 789 1766 legione
799 1694 882 1753 ederi

69 1776 117 1819 tus
128 1767 222 1820 aPisis
231 1769 497 1837 ApuanosLigures‚
505 1771 552 1837 qui
563 1782 661 1822 eorum
673 1769 748 1820 eirea
754 1769 882 1822 Macram

71 1837 187 1889 fluvium
198 1840 372 1902 incolebant,
391 1839 422 1889 in
435 1839 604 1892 deditionem
621 1844 766 1903 acceptos,
786 1839 824 1890 ad
840 1855 882 1892 se·

70 1913 148 1974 ptem
164 1908 255 1958 millia
269 1907 411 1960 hominum
425 1911 456 1959 in
478 1924 561 1962 naves
582 1908 746 1974 impositos,
765 1915 882 1975 praeter

71 1991 150 2028 oram
161 1977 273 2027 Etrusci
293 1979 379 2028 maris
391 1978 540 2043 Neapolim
559 1977 726 2029 transmisit.
762 1979 831 2031 Inde
851 1979 881 2030 lu

55 2071 64 2077 ··
71 2044 214 2097 Samnium
226 2044 359 2108 traducti,
365 2060 484 2112 agerque
496 2047 539 2098 his
550 2048 625 2100 inter
634 2048 787 2114 populares
797 2048 881 2101 datus

71 2121 122 2167 est.
159 2113 359 2166 Montanorum
375 2117 509 2183 Ligurum
525 2116 561 2169 ab
575 2121 607 2170 A.
620 2118 764 2169 Postumio
780 2117 882 2170 vineae

17 2198 25 2207 ’
71 2197 176 2243 caesae,
184 2181 378 2251 frumentaque
390 2185 502 2236 deusta:
516 2185 604 2238 donec
614 2187 742 2239 cladibus
753 2187 881 2239 omnibus

71 2252 137 2305 belli
148 2253 239 2304 eoacti
250 2255 280 2304 in
292 2252 464 2305 deditionem
475 2262 627 2320 venerunt,
649 2270 727 2308 arms
747 2255 882 2309 uctredi·

71 2324 193 2374 derunt*
217 2322 343 2375 Naribus
352 2323 418 2376 inde
430 2324 590 2378 Postumius
598 2326 637 2377 ed
647 2273 790 2378 visengam
802 2340 880 2378 oram

70 2393 258 2456 ingaunorum
278 2392 544 2461 Intemeliorumque
567 2394 703 2463 Ligurum
734 2395 909 2462 processit‘

70 2460 237 2528 Priusquam
251 2461 280 2512 hi
295 2463 425 2515 eonsules
439 2464 571 2516 venirent
592 2466 628 2516 ad
648 2469 813 2527 exercitum,
831 2463 881 2530 qui

72 2530 149 2582 Pisas
161 2533 282 2585 indictus
293 2537 363 2595 erat,
373 2539 525 2599 praeerant
534 2537 565 2585 A.
577 2533 737 2587 Postumius
750 2539 779 2585 et
791 2533 879 2584 frater

61 2599 94 2653 e,
105 2600 206 2653 Fulrr'i
218 2603 259 2654 M.
274 2602 396 2656 Fuluius
417 2602 558 2657 Nobilior.
593 2602 737 2655 Secundae
759 2603 880 2669 legionis

39 2658 169 2718 Fuln'us
181 2673 317 2729 tribunus
326 2677 457 2732 militum
469 2678 544 2732 erat
575 2672 608 2726 ls
621 2673 768 2725 mensibus
780 2669 889 2720 sundi-
