1860 2994
452 0 557 18 1ἳῖῐῖῖέ-

113 287 146 339 ec
233 282 237 287 ’
261 283 766 352 r.u1v11[u.c.m7.s.c.1ss.]

70 440 73 447 .
114 396 301 452 accusatores,
308 386 452 455 Philippus
462 389 497 440 ad
509 386 648 440 audienda
658 387 776 438 orlarios
783 394 918 457 tanquam

115 459 405 522 reus,consedisseat;
426 459 601 526 protogenio
613 460 853 525 quisqueeorum,
873 464 921 528 qul

113 529 254 596 principos
263 530 435 598 legationum
450 535 545 591 erant,
567 532 596 579 et
608 529 702 594 gratia
717 542 778 578 cum
790 526 921 597 Philippa

114 599 254 662 untedio,
275 600 401 651 acerbius
413 598 538 650 leniusve
549 602 675 664 egerunt.
710 598 742 648 ln
760 602 922 650 moerores

114 669 185 719 siam
197 674 292 719 autem
301 668 460 730 veniebant,
471 665 686 734 Philippopolis,
697 666 812 729 Tricca,
823 665 922 719 Phalo-

115 736 168 800 ria,
179 743 207 788 ct
218 737 407 802 Eurymenae,
417 743 446 787 et
455 743 550 788 cetera
559 738 633 788 eirca
644 750 692 786 ess
702 736 817 802 oppids3
828 742 922 789 utrum

115 805 316 857 Thessalorum
327 807 406 869 iuris,
427 821 509 872 quum
520 808 548 856 ri
559 805 707 871 ademptae
719 819 922 873 possessaeque

115 874 268 927 ebrietatis
279 875 384 937 forent,
405 879 480 937 (uam
492 874 649 943 Philippum
660 874 767 925 Aetolis
784 875 922 928 ademisse

116 959 165 997 ees
177 946 335 1006 constabat)
345 961 382 999 aa
391 945 516 996 Aetolica
527 946 681 1011 antiquitus
692 958 726 994 ea
740 944 843 1011 oppida
858 944 922 995 luis

117 1020 188 1065 sent.
215 1013 263 1065 Ito
273 1014 342 1066 raim
353 1013 474 1067 Aritium
482 1014 544 1083 regi
553 1012 720 1074 concessisse,
730 1012 756 1064 si
766 1013 922 1067 Aetolum

112 1082 287 1156 summast
296 1082 321 1135 si
330 1084 484 1146 velustate,
505 1100 559 1137 reon
567 1084 592 1135 si
602 1083 629 1135 ai
640 1092 722 1151 atque
733 1083 818 1135 erreis
828 1083 922 1145 eoacti,

118 1169 181 1205 euos
197 1152 303 1205 Aetolis
312 1162 406 1207 essent.
420 1153 552 1204 Eiusdem
564 1153 701 1204 formicino
712 1152 877 1219 disceptatio
889 1151 922 1205 de

118 1220 343 1275 Perrhaeborum
353 1224 570 1291 Magnetumque
581 1223 692 1291 oppidis
703 1221 767 1274 luit.
793 1222 922 1289 Omnian

120 1293 446 1359 enimiurapossidendo
461 1308 513 1361 per
526 1295 686 1345 occasiones
695 1290 790 1343 Aetoli
809 1294 922 1343 miscuo

118 1368 192 1414 sarit.
229 1362 271 1415 Ad
282 1362 359 1425 haec,
379 1378 449 1429 quae
459 1361 668 1428 disceptationis
680 1367 773 1424 eraut,
795 1360 922 1427 querelae

119 1431 320 1483 Thessalorum
331 1432 456 1483 adiectae
462 1466 471 1494 ,
482 1432 553 1496 quad
565 1448 598 1482 es
608 1431 721 1499 oppidu,
732 1431 823 1483 eiiam
834 1431 918 1482 redde

118 1510 217 1553 rentur
227 1499 288 1561 ridi,
297 1499 416 1567 spoliata
428 1516 461 1552 ua
472 1500 580 1552 deserta
590 1502 750 1553 redditurus
762 1509 838 1553 esset.
845 1498 922 1562 Nam

115 1578 230 1636 praeter
240 1568 554 1632 taeterrimorum,
564 1570 725 1641 quingentos
735 1569 876 1638 principes
886 1568 918 1621 iu

118 1637 238 1691 ocututis
248 1637 278 1689 iu
289 1638 480 1691 Macedoniam
489 1640 645 1702 adducite,
667 1649 695 1692 et
704 1656 787 1708 opera
796 1636 922 1695 adramis

118 1707 260 1759 seruilibus
271 1707 535 1762 abutimiuisteriis:
555 1719 596 1773 et,
618 1726 687 1779 quae
702 1711 852 1764 reddiderit
867 1722 922 1761 aas

120 1786 181 1829 etus
195 1776 339 1841 Thessalis,
349 1778 462 1830 inutilia
472 1790 504 1831 ut
514 1781 654 1843 redderet,
665 1797 782 1834 curasse.
822 1777 922 1832 Tdehat

120 1846 241 1899 Phthias
251 1864 334 1901 usum
345 1848 513 1903 maritimum
525 1850 673 1918 emporium
687 1849 922 1922 ficisse,quandaa

124 1915 261 1971 Thessalis
279 1926 470 1988 quaestuosum
489 1929 517 1972 et
533 1921 720 1991 frugiferum.
754 1918 801 1968 lat
813 1917 922 1968 naribus

121 1988 256 2041 orterariis
266 1990 442 2056 comparatis,
452 2006 551 2057 regem,
563 2006 631 2055 quae
637 1993 750 2053 praeter
760 1983 865 2036 Thebas
872 1983 922 2036 De

120 2058 279 2110 metriadem
290 2073 397 2109 cursum
408 2057 577 2125 dirigerent,
597 2052 812 2123 negotiationem
822 2054 922 2106 ruarits'

120 2141 287 2178 ruamoumer
328 2126 493 2177 advertisse.
529 2125 591 2177 Iam
608 2141 641 2177 ne
656 2140 673 2175 a
691 2123 792 2193 legatis
812 2123 922 2190 quidem,

121 2194 168 2262 qui
179 2195 240 2246 iure
248 2142 373 2276 geiiium
383 2195 472 2247 sancti
482 2195 547 2257 siut,
558 2193 694 2247 uiolandis
703 2194 853 2246 abstinere:
863 2193 922 2247 iusi·

121 2265 181 2315 dias
196 2274 306 2334 potstas
317 2264 441 2317 euntibus
452 2265 489 2317 ad
504 2263 535 2314 Τ.
549 2262 716 2327 Quinotium.
751 2264 851 2331 Itaque
863 2277 922 2331 erge

120 2333 150 2385 in
162 2344 271 2386 tantiam
280 2344 380 2387 metum
391 2351 480 2387 omnes
494 2332 634 2386 Thessalos
646 2335 826 2396 coniectos,ut
836 2350 890 2384 nau
899 2331 922 2384 ir

121 2403 360 2468 ciuitatilursuis,
379 2403 470 2469 acaia
485 2404 669 2457 communibus
684 2405 779 2473 geratis
798 2400 922 2463 corte-iliis¹

122 2474 265 2540 quiequam
279 2473 380 2525 hiscere
396 2475 507 2525 audeat.
543 2472 646 2525 Procul
661 2474 728 2527 euim
744 2475 834 2526 abesse
849 2471 922 2524 liber

122 2544 192 2595 tatis
203 2553 328 2595 auctores
338 2542 490 2595 Romanos:
506 2544 590 2596 lateri
601 2544 750 2596 adhaerere
758 2558 873 2613 grauem
883 2542 922 2593 da

122 2614 235 2674 ruiuum,
263 2613 450 2680 prohibentem
471 2613 515 2665 uti
536 2614 673 2683 benefieiis·
686 2615 784 2681 papuli
803 2608 922 2663 Romani

125 2683 198 2746 Quid
208 2693 308 2743 aretem,
320 2683 344 2734 se'
353 2699 406 2733 aox
416 2683 501 2735 libera
512 2701 565 2736 nou
577 2685 622 2746 sit,
633 2683 746 2735 liberum
759 2683 832 2735 esse?
849 2679 922 2732 Num

117 2753 270 2817 aefiducr'a
281 2762 308 2804 et
322 2752 465 2820 praesidio
476 2754 628 2822 legatarum
643 2752 818 2820 ingemiscere
833 2748 920 2818 ruagis

95 2823 287 2886 suaviloqua:
325 2822 569 2892 lli'rs'proaideoat
579 2823 687 2894 aliquid
697 2820 832 2882 Romami,
845 2832 922 2885 quoe
