1860 2994
96 173 167 223 lure.
176 170 262 223 XLV.
273 171 346 223 Csr.
356 168 400 223 ²8.
412 169 454 221 29.
467 169 511 236 [U.
518 171 648 226 ossen.
657 172 686 223 C.
696 171 762 238 nup]
786 171 838 224 ³4³

43 250 184 264 .-———·-

37 283 120 340 esset,
132 275 265 337 defertur,
272 275 436 343 quingentos
447 274 646 342 quinquaginta
656 276 792 343 principes
804 279 839 329 eb

38 349 159 416 Lycisco
171 351 200 397 et
210 345 341 411 Tisippo,
362 345 544 397 circumsesso
557 350 655 397 senatu
671 362 720 413 per
736 347 839 399 milites

39 421 187 477 Romanos,
200 417 299 465 missos
309 429 327 467 a
337 416 443 467 Baebio
454 413 595 480 praefecto
605 417 749 482 praesidii,
755 417 840 468 inter-

38 486 142 549 fectum
164 484 237 536 alios
246 484 276 535 in
287 484 415 539 exsilium
425 492 503 537 actos
514 500 588 539 esse:
598 486 725 551 bonaque
735 501 840 548 eorum,

38 557 85 624 qui
95 554 235 607 interfecti
247 560 354 618 essent,
376 561 405 607 et
418 555 543 611 exsulum
556 555 714 621 possidere,
734 554 782 621 qui
797 570 840 605 sr-

36 627 170 694 3uebont.
205 624 460 692 lussisAnrplsipoli
470 624 583 686 messe,
602 626 681 692 ipse,
702 630 840 677 convento

39 696 88 747 cn.
106 694 223 745 Octavio
242 694 435 756 Demetriade,
464 698 613 761 postquem
630 694 707 747 tems
728 692 841 756 eccidit,

38 765 182 831 traiecisse
196 764 253 815 iam
272 780 349 815 mare
368 763 466 815 decem
487 763 610 831 legatos,
629 764 756 815 omnibus
777 764 842 815 eliis

40 835 165 895 omissis,
179 833 355 899 Apolloniam
367 833 403 885 od
414 844 464 883 eos
475 832 575 898 pergit.
612 832 675 893 Quo
703 848 768 883 unm
779 832 843 885 Per·

39 918 103 955 sens
116 902 226 953 obviam
232 900 389 968 Amphipoli
400 901 481 953 nimis
491 902 586 955 soluts
597 910 676 954 custo
734 916 844 968 proces·

38 972 137 1032 sisset,
158 971 195 1033 (id
206 970 263 1020 diei
274 971 330 1022 iter
341 974 396 1032 est)
406 971 497 1041 ipsun
513 970 624 1037 quidem
642 973 760 1038 benigne
775 970 845 1021 ullo·

40 1047 122 1093 cutus
133 1044 189 1090 estz
202 1046 337 1100 ceterum,
348 1046 496 1105 postquem
505 1040 534 1091 in
546 1046 641 1093 cestre
651 1040 685 1092 sd
697 1038 844 1105 Amphipo-

40 1111 90 1161 lim
101 1109 187 1172 venit,
197 1110 319 1176 grauiter
330 1108 498 1177 increpuisse
508 1108 630 1161 truditur
638 1110 670 1162 G.
678 1108 845 1174 Sulpicium:

40 1180 183 1247 primum,-
194 1178 267 1244 quod
281 1177 385 1231 Perses
399 1184 456 1229 tam
474 1178 573 1245 procul
592 1194 610 1231 n
626 1192 659 1231 se
678 1177 777 1244 regeri
796 1191 847 1243 per

41 1247 215 1316 provinciam
228 1262 324 1315 passus
334 1253 423 1300 esset:
446 1246 560 1313 deinde,
583 1247 657 1315 quod
669 1246 740 1299 odeo
756 1245 847 1297 indul.

43 1319 125 1371 sisset
135 1318 282 1381 militibus,
291 1324 323 1371 ut
333 1315 439 1369 nudore
452 1316 555 1385 tegulis
566 1332 660 1369 nrurus
670 1316 748 1369 urbis
759 1315 795 1366 ed
806 1320 847 1366 te-

42 1389 132 1457 genda
142 1385 321 1441 hibernacula
329 1404 382 1443 sue
392 1393 550 1453 pateretur:
570 1386 726 1455 referrique
737 1385 852 1454 tegulas·

44 1462 73 1515 et
82 1459 214 1509 resarciri
224 1464 313 1519 tecto,
334 1458 408 1511 sicut
422 1456 549 1522 fueraut,
568 1458 661 1511 iussit.
697 1458 734 1509 Et
745 1457 848 1509 Persea

43 1526 152 1595 quidem
164 1543 226 1579 cum
238 1528 344 1577 maiore
354 1528 414 1579 lilio
424 1527 565 1594 Philippo,
576 1529 696 1581 traditor
706 1528 738 1579 A.
748 1525 848 1577 Postu·

43 1597 115 1659 mio,
133 1597 162 1645 in
173 1594 328 1659 custodiam
340 1595 429 1649 misitz
450 1596 536 1647 filiurn
548 1612 609 1647 cum
621 1597 727 1647 minore
739 1597 812 1658 tilio,
832 1609 850 1645 s

43 1664 227 1717 Samothrace
237 1664 342 1719 accitos
353 1662 552 1729 Amphipolim,
563 1665 640 1717 omni
649 1665 762 1716 liberali
771 1665 850 1715 cultu

44 1732 151 1786 habuit.
302 1738 305 1743 '

97 1802 198 1855 xxix.
218 1803 293 1870 lpse,
313 1801 361 1852 uhi
377 1800 542 1863 dissecuit,
562 1800 727 1867 quoodesse
739 1798 850 1866 Amphi·

44 1872 103 1941 poli
115 1871 199 1924 denos
215 1873 353 1940 principes
369 1871 525 1924 civitatium
540 1870 676 1932 iusserat,
696 1870 850 1936 literaeque

44 1956 149 2005 omnes,
160 1958 229 2011 quae
240 1943 343 2009 ubique
354 1940 498 2007 depositae
509 1947 596 2004 esset,
613 1947 642 1993 et
654 1939 797 2009 pecuniam
808 1954 851 1992 re·

44 2011 119 2080 giam
131 2011 259 2075 conferri,
278 2027 342 2065 eum
353 2011 449 2063 decem
459 2012 574 2080 legatis,
595 2010 764 2063 circumfuso
774 2008 852 2062 omni

44 2080 225 2133 multitudine
235 2081 434 2143 Macedonum,
445 2083 475 2133 in
486 2082 620 2133 tribunali
632 2082 767 2135 consedit.
801 2082 851 2133 As·

45 2150 134 2202 suetis
145 2151 223 2216 regio
234 2150 352 2217 imperio
370 2159 464 2203 tumen
481 2167 581 2203 novum
602 2152 721 2205 formam
740 2150 852 2204 terribi-

45 2220 102 2272 lem
114 2219 244 2286 prnebuit
256 2220 393 2284 tribunal,
404 2229 543 2273 summoto
555 2220 657 2286 editus,
676 2237 788 2290 praeco,
808 2236 853 2273 sc·

46 2304 165 2354 census,
184 2289 496 2343 insuetaomniaoculis
516 2292 695 2360 auribusque;
714 2307 786 2357 quae
807 2289 854 2343 rel

47 2359 150 2421 socios,
161 2360 259 2412 nedum
272 2358 366 2411 hostes
376 2360 475 2424 victos,
487 2368 594 2415 terrere
606 2366 726 2427 possent.
764 2357 853 2410 Silen-

47 2431 89 2480 tio
100 2441 151 2496 per
161 2444 324 2495 praeconem
335 2430 420 2492 facto,
429 2431 543 2483 Paullus
555 2431 674 2493 Latine,
693 2442 764 2495 quoe
775 2441 855 2479 sene·

47 2497 104 2561 tui,
125 2512 196 2565 quse
208 2499 262 2549 sibi
273 2515 309 2551 ex
320 2500 431 2551 consilii
439 2499 579 2551 sententia
587 2500 650 2549 vise
662 2503 775 2554 essent,
788 2509 861 2554 m·

48 2566 201 2630 nuntiavit,
220 2584 254 2621 ea
265 2570 312 2621 Cn.
326 2569 461 2622 Octavius
469 2575 589 2639 praetor
599 2571 683 2629 luem
691 2555 910 2672 etiiffixm

40 2636 293 2702 rsoinwrpretsts
304 2655 438 2695 sermone
451 2641 571 2697 Graeco
579 2634 753 2691 ssimum.
801 2701 831 2736 a
839 2672 910 2727 ὠ,

29 2702 151 2767 W'mm
160 2706 263 2797 literne
275 2711 451 2769 consistere
466 2712 669 2772 Macedones,
676 2697 800 2754 nouem
