1860 2994
49 128 102 179 252
190 128 223 178 r.
243 124 350 175 mvn
370 122 525 191 [mesas.
540 124 613 176 ac.
626 121 695 192 dio]

52 252 115 287 men
127 232 241 284 Graecis
253 235 325 291 erat)
337 231 420 281 missi.
458 233 506 297 Ap.
518 231 663 294 Claudius,
674 238 822 299 acceptam
831 238 856 293 ἰ
860 266 894 313 12

52 303 167 370 illyrico
188 301 369 369 ignominiam
388 301 529 368 corrigere
550 301 682 368 cupiens,
714 300 894 381 Phanoteh

53 372 134 437 Epiri
144 371 289 423 castellum
301 370 415 421 adortus
427 384 599 436 oppugnare,
619 376 648 421 et
659 370 771 422 auxilia
778 370 885 437 amq.

53 456 166 494 manum
176 438 465 505 Thesprotorumque,
483 444 596 505 praeter
611 440 770 492 Romanum
786 454 867 497 exet

55 512 150 573 citum,
162 510 198 561 ad
208 524 258 559 sex
267 509 360 558 millia
370 506 512 558 hominum
523 521 615 560 seeum
628 507 761 561 adduxit:
774 522 857 578 neque
882 474 894 549 f

56 578 293 648 operaepretium
308 576 388 637 fecit,
409 578 507 639 clera,
530 580 578 644 qui
591 578 706 628 relictus
725 594 744 630 a
757 578 857 633 Persea

56 657 127 711 erat,
132 663 193 700 cum
199 645 292 697 valido
300 644 440 712 praesidio
447 644 620 696 defendente.
631 646 859 714 EtPerseus,llll·

54 732 146 772 meam
156 714 315 783 proiectus,
338 721 367 767 et
378 715 526 766 circaeam
537 714 807 785 exercitulustrato,
825 716 859 769 ad

55 788 198 849 Stratum,
218 785 382 838 vocantibus
392 785 532 852 Epirotis,
553 784 638 837 ducit.
673 784 858 841 Stratumli

57 857 176 908 dissima
184 862 246 906 tum
257 857 323 907 urbs
332 855 461 907 Aetoliae
472 860 541 907 erat.
577 854 640 907 Sita
649 861 694 907 est
707 872 794 924 super
802 856 858 909 Am·

56 926 183 979 bracium
193 927 292 987 sinum,
303 940 391 991 prope
403 940 511 976 amnem
522 923 661 976 lnaohum.
684 924 756 976 Cum
768 925 859 979 decem

57 996 183 1048 millibus
198 995 323 1061 peditum
340 1009 374 1047 eo
389 993 533 1063 proiectus
550 999 593 1046 est
606 999 636 1046 et
649 995 794 1060 equitibus
808 1000 859 1047 tre·

59 1066 163 1119 centis:
182 1080 253 1132 quos
265 1066 411 1132 pauciores
420 1070 535 1131 propter
549 1063 696 1132 angustias
710 1064 822 1117 riarum
834 1069 861 1117 et

59 1137 242 1203 asperitatem
254 1136 340 1186 duxit
377 1134 478 1185 Tertio
487 1133 533 1185 die
543 1149 628 1201 quum
637 1137 813 1200 pervenisset
828 1130 861 1186 ad

60 1206 166 1257 Citium
176 1204 860 1271 montem,vixtransgressuspropternltitudiaen

59 1276 143 1337 nivis,
150 1274 242 1326 locum
253 1288 363 1340 quoque
374 1274 473 1324 eastris
485 1288 569 1340 aegre
580 1274 692 1325 invenit.
716 1274 861 1327 Proiectus

59 1344 135 1405 inde,
146 1344 236 1410 magis
248 1342 314 1409 quia
324 1358 436 1405 manere
447 1356 503 1393 non
513 1348 633 1409 poterat,
645 1357 728 1409 quam
740 1342 815 1411 quod
824 1346 862 1395 tu·

58 1412 187 1464 lerabilis
202 1418 251 1461 aut
265 1413 313 1461 ria
324 1416 378 1483 aut
393 1417 547 1477 tempestas
569 1417 655 1475 esset,
678 1428 741 1467 cuns
756 1410 861 1481 ingenti

59 1481 217 1543 vexatione,
228 1482 376 1547 praecipue
387 1480 583 1544 iumentorum,
591 1483 680 1533 altero
692 1482 739 1534 die
750 1482 787 1534 ad
798 1488 861 1534 tem·

59 1551 137 1619 plum
152 1549 237 1613 lovis,
260 1549 395 1601 Nicaeum
415 1565 497 1617 quem
516 1557 629 1614 vocant,
651 1551 745 1618 posuit
766 1556 862 1605 castra.

60 1620 102 1673 Ad
111 1617 281 1671 Arachthum
291 1619 355 1672 inde
367 1620 482 1684 flueren,
501 1620 601 1674 itinere
615 1621 724 1689 ingenti
746 1634 864 1685 anaema,

60 1695 188 1742 retentus
199 1690 349 1741 altitudine
359 1690 461 1751 amois,
473 1694 584 1742 mansit.
621 1691 687 1752 Quo
695 1692 791 1757 spatio
801 1698 863 1744 tem·

60 1763 137 1826 poris
150 1766 235 1827 ponte
246 1760 379 1826 perfecto,
390 1759 527 1811 traductis
538 1761 626 1826 copiis
637 1760 693 1810 diei
706 1772 864 1827 progressui

61 1829 126 1893 iter,
139 1830 250 1882 obvium
261 1828 457 1879 Archidamum
470 1830 622 1895 principem
631 1828 812 1895 Aetolorum,
821 1842 864 1901 par

63 1914 144 1965 quem
156 1900 182 1950 ei
194 1898 305 1949 Stratus
316 1897 488 1960 tradebatur,
499 1896 604 1948 habuit.

116 1967 203 2018 xxii.
223 1965 298 2031 [24.]
317 1967 359 2015 Eo
376 1966 420 2016 die
436 1966 470 2014 ad
487 1967 568 2017 finem
585 1965 646 2032 agri
661 1965 757 2015 Aetoli
779 1974 866 2023 casm

63 2037 163 2102 posita.
200 2035 266 2084 lnde
278 2034 370 2084 altero
382 2033 426 2084 die
437 2034 472 2084 ad
483 2034 606 2084 Stratum
619 2040 800 2100 perventum:
815 2036 867 2099 ull,

63 2118 152 2171 prope
163 2102 293 2153 Inachum
306 2117 412 2153 amnem
424 2102 523 2151 eastris
539 2103 652 2168 positis,
673 2120 759 2170 quum
777 2120 868 2179 exspe-

65 2177 169 2233 ctaret,
182 2170 283 2221 effusos
293 2172 420 2221 omnibus
432 2171 520 2235 portis
532 2173 645 2223 Aetolos
656 2173 684 2222 in
696 2176 782 2228 fidem
794 2188 868 2229 suam

65 2247 205 2299 venturos,
216 2238 324 2289 clausas
336 2245 440 2304 portas,
451 2245 537 2307 atque
548 2242 608 2308 ipsa
619 2258 653 2294 ea
663 2250 817 2313 nocteque
827 2260 868 2299 ve·

66 2316 161 2373 neret,
183 2314 324 2373 receptum
339 2309 495 2360 Romanum
512 2311 683 2377 praesidium
699 2329 761 2363 cum
778 2318 809 2367 c.
819 2316 868 2369 Po·

69 2379 150 2447 pillio
162 2379 257 2446 legato
267 2378 382 2429 invenit.
418 2378 573 2447 Principes,
595 2384 642 2449 qui
658 2384 814 2448 praesentis
824 2386 870 2436 Ar·

71 2449 192 2500 chidami
213 2449 381 2500 auctoritate
402 2451 535 2516 compulsi
559 2466 652 2517 regem
678 2457 871 2515 arcessierant,

71 2519 181 2571 ebriam
202 2532 314 2583 egresso
333 2516 495 2570 Archidamo
518 2522 660 2587 segniores
679 2520 761 2585 facti,
781 2522 871 2575 locum

67 2590 205 2641 adrersae
221 2586 338 2641 factioni
356 2586 491 2641 dederant
505 2590 543 2640 ad
556 2590 706 2655 Popillium
719 2606 782 2639 cnm
796 2591 872 2642 mille

50 2662 207 2724 peditibus
218 2663 253 2718 ab
264 2662 419 2719 Ambracia
428 2659 646 2718 arcessendum.
672 2657 889 2717 intendinus
