1860 2994
71 300 104 359 1o
192 284 196 289 '
229 302 263 355 r.
280 298 387 353 mvn
405 296 708 369 [monumenta]

71 419 152 472 quam
168 418 222 470 pro
240 403 391 454 atrocitate
403 409 432 452 st
442 399 630 470 magnitudine
641 399 695 462 rei,
716 399 820 455 dictum
830 403 881 455 sci·

71 484 128 527 tote
139 488 202 524 esse.
241 469 280 523 Ut
290 473 328 523 ad
335 471 481 523 caoenslum
492 471 561 521 satis
571 469 609 520 sit
614 506 622 532 ,
636 466 755 524 'elabitur
765 488 851 540 opera
863 488 881 524 a

70 542 151 596 nobis.
188 539 377 592 Bacchanalia
392 548 449 592 tote
467 538 522 591 iam
536 538 644 608 pridem
655 539 756 603 Italia,
770 551 799 594 et
808 558 882 594 nune

67 629 118 679 per
139 610 231 664 urbem
254 610 337 663 etiam
357 610 449 662 multis
469 609 534 660 locis
554 624 618 672 esse,
634 625 687 661 non
702 610 787 682 famo
803 612 881 665 morlo

70 681 203 747 accepisse
218 696 277 744 ros,
295 681 341 731 sel
360 677 507 747 crepitibus
521 680 605 732 etiam
619 678 820 748 ululatibusque
835 697 882 734 no·

71 750 185 814 cturnis,
198 751 245 815 qui
251 759 401 817 personant
412 759 472 801 tota
481 749 556 816 urbe,
575 758 679 800 sertum
691 747 773 800 babeo
779 767 791 811 ‚·
813 759 882 803 cete·

70 837 140 883 rum,
163 836 231 887 quae
244 837 275 872 ea
286 836 329 870 res
340 819 385 881 sit,
396 819 542 888 ignorare:
562 817 631 870 alios
643 818 752 872 oleorum
764 819 882 889 aliquem

72 893 188 952 cultum,
209 889 278 942 alios
296 905 448 941 concessum
464 889 557 940 ludum
569 897 596 939 et
607 887 747 941 lasciuiam
759 904 813 942 esse
825 907 883 942 cre·

72 962 141 1021 clerc,
152 970 188 1021 et,
199 963 382 1027 qualecunque
396 959 441 1020 sit,
460 959 498 1009 ab
505 973 606 1024 paucos
616 957 763 1025 pertinere.
801 959 883 1024 Quod

74 1031 109 1082 ad
120 1029 319 1082 multitudinem
331 1046 420 1081 eorum
431 1027 542 1089 attinet,
552 1028 576 1078 si
587 1029 691 1090 dinero,
698 1031 784 1087 multa
794 1028 882 1081 millia

74 1098 209 1152 bantinum
219 1115 286 1161 esse,
307 1099 381 1151 illico
398 1107 573 1158 accessesit,
594 1098 807 1159 exterreamini;
828 1097 883 1151 nisi

75 1166 234 1231 adiunxero,
251 1169 298 1235 qui
308 1171 450 1237 qualesque
460 1167 523 1219 sint.
553 1166 679 1218 Primum
690 1167 780 1236 igitur
790 1167 884 1220 mulie·

75 1256 135 1292 rum
146 1255 247 1308 straena
256 1256 322 1306 pars
333 1249 414 1301 est‚et
426 1239 450 1290 is
454 1237 522 1310 sons
532 1236 598 1288 moli
608 1235 718 1288 buiusce
724 1237 801 1309 suit:
812 1236 882 1289 dein·

77 1311 107 1362 tle
119 1308 251 1360 simillimi
258 1309 373 1380 sentinis
383 1325 479 1371 mares,
487 1306 608 1373 stupruti
618 1315 644 1357 et
651 1315 884 1373 constupratores,

72 1378 198 1452 fanatici
208 1379 322 1449 eigilem
344 1379 418 1441 oiuo,
437 1375 596 1442 strepitibus
614 1374 826 1444 clamoribusque
838 1393 884 1428 no·

78 1449 183 1502 cturnis
195 1449 317 1500 attoniti.
353 1447 449 1502 Nullas
459 1444 547 1498 allsuc
558 1445 628 1497 uires
640 1445 804 1508 coniuratio,
817 1455 886 1498 cete·

78 1535 138 1569 rum
155 1517 349 1568 incrementum
367 1515 574 1584 ingensos'sium
585 1515 680 1578 babet,
702 1517 774 1585 quotl
790 1514 886 1568 irs-slies

77 1589 169 1654 plures
175 1585 259 1654 flunt.
282 1585 403 1636 Maiores
415 1585 506 1647 uestri,
516 1603 549 1637 ne
559 1602 604 1637 oos
616 1587 730 1652 quibem,
741 1585 796 1638 nisi
804 1600 888 1652 quum

79 1654 241 1716 aut,oexillo
253 1654 282 1706 in
293 1671 357 1706 arce
365 1655 463 1722 posito,
474 1656 645 1708 comitiorum
656 1671 739 1710 causo
751 1654 889 1706 exercitus

80 1729 193 1780 eductus
204 1733 285 1787 esset,
308 1734 359 1777 aut
375 1726 448 1793 plebi
458 1726 602 1779 concilium
614 1724 719 1778 tribuni
729 1723 890 1786 edixissent,

80 1806 131 1850 ant
145 1796 245 1864 aliquis
262 1813 296 1848 cx
310 1795 518 1865 magistratibus
539 1799 576 1849 acl
596 1795 749 1850 concionem
759 1802 890 1855 vocasset,

77 1868 154 1940 sorte
166 1876 264 1918 temere
274 1865 346 1919 eoirc
357 1869 511 1921 voluerunt:
528 1875 563 1931 et,
584 1868 734 1933 ubicunque
746 1863 891 1916 multitudo

82 1945 159 2000 esset,
171 1936 209 1988 ibi
220 1947 247 1988 et
257 1937 407 2007 legitimum
420 1948 550 1992 rectorem
558 1935 742 1988 multitudinis
748 1932 893 1984 censebant

83 2008 176 2059 slebere
187 2023 251 2058 esse.
290 2006 389 2070 Quales
398 2009 515 2074 primum
526 2014 672 2056 nocturnos
682 2011 782 2061 coetus,
794 1999 892 2052 deinde

82 2076 248 2144 promiscuos
264 2075 404 2127 mulierum
419 2092 451 2126 ac
467 2074 601 2135 uirorum,
623 2087 678 2122 esse
697 2070 827 2122 creditis?
850 2069 892 2133 Si,

85 2146 179 2211 quibus
191 2143 328 2197 aetatibus
342 2142 488 2196 initientur
504 2157 604 2204 sutores,
623 2140 729 2202 sciatis,
752 2157 805 2192 non
815 2139 893 2191 misc·

85 2222 145 2265 reat
157 2230 202 2265 oos
215 2231 305 2266 eorum
316 2215 413 2274 solum,
432 2209 571 2262 sedetiam
579 2211 694 2278 pudeat.
730 2209 791 2262 Hoc
800 2224 894 2261 sacrts·

86 2292 174 2334 mento
203 2283 328 2334 initiatos
352 2281 458 2333 iuuenes
480 2279 578 2331 milites
600 2280 748 2352 sacierulos
769 2277 894 2343 censetis,

88 2351 227 2414 Quirites?
247 2351 282 2401 iis
300 2369 334 2403 ex
349 2350 475 2402 obscoeno
486 2351 610 2402 sacrario
622 2349 724 2402 edocetis
735 2366 814 2401 armo
824 2364 896 2400 com·

87 2421 233 2472 mittendo?
251 2419 288 2480 bi,
304 2418 425 2486 cooperti
436 2420 538 2486 stupris
549 2421 605 2472 suis
617 2420 772 2487 alienisque,
784 2435 836 2486 pro
843 2435 895 2486 pu·

87 2491 183 2596 dicitip
195 2489 336 2558 coniugum
347 2507 379 2542 oc
389 2490 535 2543 liberorum
546 2500 695 2543 vestrorum
709 2491 792 2562 serro
804 2489 896 2541 decer·

90 2568 165 2611 nent.

142 2627 214 2680 xv1.
238 2626 329 2681 Minus
340 2639 430 2684 tomen
440 2640 520 2693 esset,
539 2631 564 2683 si
576 2629 701 2700 flagitiis
712 2637 818 2682 tuntum
830 2625 895 2696 effe·

91 2698 189 2750 minati
203 2699 313 2771 forent,
335 2704 348 2763 (
353 2699 472 2766 ipsorum
487 2700 518 2753 iel
526 2717 627 2770 magno
639 2717 673 2752 en
690 2709 773 2766 porte
785 2699 896 2749 dedecus

84 2771 169 2844 erut)
176 2785 197 2818 a
194 2768 377 2837 facinoribus
388 2787 491 2836 uranus,
502 2781 615 2824 mentem
627 2788 643 2822 o
687 2769 802 2821 audiisse
813 2765 896 2819 obsti·

62 2843 203 2887 carerent.
240 2837 398 2907 nunquam
409 2851 521 2899 tantum
532 2846 638 2899 rnalum
646 2859 677 2895 in
687 2837 827 2907 republico
837 2833 903 2902 fuis,
