1860 2994
190 46 242 100 234
329 47 363 99 Τ.
384 43 491 97 Livii
512 43 556 111 [U.
570 42 599 94 C.
613 40 670 94 582.
682 40 717 92 A·
729 41 758 92 C.
773 40 842 108 17o.]

192 153 272 194 furiosi
279 151 369 194 consilii
379 151 440 193 rocio
450 154 573 203 assumpto,
591 149 632 189 rub
642 152 729 189 noctem
739 147 847 196 adiisset,
867 162 879 202 u

190 208 296 251 videlicet
303 207 486 254 obtrumcaturur,
500 205 565 246 iuxta
573 203 693 245 tentorium
700 202 773 256 ipsum
784 203 831 258 pilo
842 204 879 255 vig

190 268 244 318 ptus
258 268 305 305 crta
322 263 397 304 acciu·
414 274 480 316 perer
493 260 571 302 stolirli
590 259 677 313 incepti
691 270 776 312 poenae
791 259 843 301 luit.
873 278 879 301 i

189 318 383 417 &irrisuri
396 313 880 431 ebertranmo:luitur

192 430 204 453 ·
219 431 231 456 *
244 428 282 480 tis
297 435 405 481 tantum
423 439 554 495 pavorem
566 427 685 494 ingrcssi
696 432 800 490 castra,
822 433 879 478 oste

193 499 296 565 capita,
316 498 454 559 iecerunt,
468 504 512 559 ut,
528 497 552 547 si
562 496 691 547 admotus
703 496 844 563 extemplo
855 512 879 549 e:

193 566 280 629 foret,
301 567 363 632 capi
380 572 473 618 castra
487 565 637 633 potuerint.
673 566 746 617 Tum
757 580 879 632 quoque:

192 648 260 703 gens
276 635 354 688 facta
369 641 428 688 est:
450 643 478 688 ot
491 640 583 697 erant,
605 634 654 702 qui
667 634 777 701 legatos
792 635 879 686 mitten

192 718 289 771 pacem
310 704 441 771 precibus
462 704 608 772 petendam
630 709 790 756 censerent:
812 705 880 755 civit

194 774 360 839 complures,
367 789 400 825 oo
411 775 510 826 nuntio
521 774 661 837 audito‚in
673 773 842 825 deditionem
852 789 879 827 vr

193 840 301 903 Quibus
328 845 513 910 purgantibus
533 859 614 906 sese,
647 842 811 911 culpamque
829 842 859 894 iu

194 915 345 964 amentiam
357 912 624 979 conferentibuaqui
635 928 665 964 se
677 913 753 964 ultro
764 914 800 965 ad
811 927 879 979 poen

193 981 369 1045 obtulissent,
375 997 458 1049 quum
466 982 575 1035 veniam
585 981 842 1048 dodissetpraetom
854 997 879 1048 pr

192 1051 334 1119 extemplo
346 1052 381 1103 od
393 1052 463 1105 alias
473 1052 611 1113 civitates,
618 1051 743 1102 omnibus
749 1052 879 1119 imperata

191 1120 277 1183 tibus,
288 1122 381 1188 quieto
393 1121 518 1173 exercitu
527 1126 657 1187 pacatum
668 1135 774 1188 agrum,
784 1123 829 1188 qui
842 1135 879 1187 pa

193 1192 223 1243 to
233 1189 341 1257 ingenti
350 1188 472 1242 tumultu
483 1194 602 1253 arserat,
612 1191 784 1258 peragravit.
803 1192 879 1243 ilaec

192 1259 346 1325 praetoris,
369 1273 425 1325 qua
440 1258 499 1310 sino
514 1260 649 1325 sanguine
664 1257 869 1309 ferocissimam

193 1326 354 1389 domuerat,
376 1342 410 1378 eo
424 1329 534 1394 gratior
553 1327 631 1393 plebi
650 1327 832 1393 Patribusque
851 1325 879 1377 fu

194 1393 336 1447 crudelius
346 1397 512 1461 avariusque
524 1395 680 1447 inGraecia
691 1396 837 1460 bellatum,
847 1402 877 1449 et

193 1461 255 1514 sule
266 1461 375 1516 Licinio
393 1470 421 1516 et
432 1465 466 1516 ab
478 1464 611 1518 Lucretio
622 1472 768 1530 praetore,
790 1472 860 1518 erat.

193 1532 263 1583 tium
283 1533 388 1581 tribuni
404 1531 495 1597 plebis
511 1532 655 1586 absentem
678 1534 856 1587 concionibus
877 1568 879 1583 .

194 1598 370 1661 lacerabant,
392 1615 476 1667 quum
492 1603 666 1668 reipublicae
681 1618 764 1654 causa
776 1606 873 1656 abasse

194 1677 285 1722 retur:
308 1669 428 1722 sedtum
440 1671 510 1723 adeo
524 1672 616 1723 uicina
625 1673 709 1723 etiam
720 1673 879 1735 inexplorat

194 1745 227 1792 ut
238 1743 262 1790 is
273 1754 307 1792 eo
318 1745 444 1806 tempore
454 1740 483 1791 in
494 1755 561 1806 agro
572 1755 622 1791 suo
633 1739 737 1790 Antiati
749 1746 831 1799 esset,
842 1754 877 1805 aq

195 1823 231 1859 ex
246 1809 385 1861 manubiis
395 1808 508 1860 Antium
523 1822 558 1858 ex
571 1807 685 1857 ilumine
701 1807 856 1858 Loracinae
874 1824 879 1856 t

194 1875 226 1927 ld
241 1892 311 1943 opus
329 1876 575 1945 centumtriginta
591 1874 713 1925 millibus
725 1875 798 1925 aeris
810 1875 879 1928 loca

194 1950 249 1997 tur.
281 1946 398 1998 Tabulis
415 1958 522 2000 ououue
538 1943 621 2000 uictis
633 1958 667 1993 ex
677 1943 781 2000 praeda
792 1944 879 1997 ianun
