1860 2994
93 115 245 170 LrnXL.
261 117 334 171 Car.
350 115 393 171 50.
404 114 447 170 51.
458 116 755 186 [U.C·i75.A.c.179.]
792 115 840 173 11³

33 234 145 290 guoque
157 235 218 272 eum
226 228 324 287 postea
335 221 444 287 proelio
452 220 618 273 &montem
625 221 769 273 Chaunum
779 237 840 274 cum

34 289 185 342 Celtiberis
197 306 214 341 a
223 291 314 356 prima
324 292 387 342 luce
396 289 432 341 ad
442 297 552 343 sextam
566 289 663 342 horam
679 291 738 343 dici
752 291 840 359 signis

35 358 150 411 collatis
167 373 317 427 pugnasse;
338 359 441 411 multos
461 360 600 427 utrimque
621 359 770 414 cecidisse:
789 376 841 414 nce

35 428 117 481 uliud
127 443 311 495 magnopere,
322 445 357 482 ne
367 430 457 481 victos
467 429 609 492 crederes,
629 429 732 482 fecisse
741 431 841 482 Roma·

33 512 95 560 nos,
103 497 159 549 uisi
169 497 241 566 quod
252 505 364 565 postero
376 499 421 551 die
430 499 607 552 lacessierint
615 500 724 566 proelio
731 515 841 551 manen·

34 573 76 620 tes
88 568 168 618 iutra
181 568 299 635 vallums3
320 570 413 634 spolia
432 584 482 635 per
502 576 592 621 totum
614 569 689 621 diem
707 569 841 636 legerint:

32 637 122 689 tertio
134 635 181 687 die
191 638 299 703 proelio
309 639 416 690 maiore
426 639 527 690 iterum
544 645 711 706 puguatum3
732 644 762 691 ct
780 644 840 691 tum

33 705 145 761 demum
156 704 230 758 haud
243 707 326 760 dubio
338 708 429 760 victos
440 708 609 771 Celtiberos,
632 715 782 775 castraque
795 722 842 761 eo·

32 790 95 829 rum
108 776 351 844 captaetdircpta
368 792 438 829 esse.
473 777 584 845 Viginti
606 778 662 830 duo
682 778 773 829 millia
792 775 842 829 lio·

32 845 121 897 stium
128 859 162 898 eo
173 844 219 898 die
229 861 290 899 esse
302 863 392 911 caesa,
398 847 462 914 plus
470 852 610 899 trecentos
620 854 733 914 captos:
743 861 842 914 parem

31 914 92 969 fere
103 929 242 982 equorum
250 932 407 980 numerum
430 921 459 968 et
474 916 556 982 signa
575 916 714 969 militaria
730 922 843 983 septua-

52 984 59 999 '
125 984 191 1035 duo.
227 984 296 1036 lude
309 985 489 1048 debellatum,
500 999 650 1053 veramque
661 1000 766 1053 paoem,
784 1000 841 1039 non

52 1070 117 1119 axa,
127 1059 160 1105 ut
173 1059 248 1114 ente,
259 1052 324 1114 lide,
336 1053 492 1105 Celtiberos
504 1052 614 1106 fecisse.
632 1055 739 1107 Eadem
751 1060 842 1108 aesta·

33 1132 61 1179 te
76 1130 107 1177 et
117 1124 151 1176 L.
163 1122 341 1174 Postumium
361 1122 390 1172 in
400 1123 542 1188 Hispania
559 1123 695 1175 ulteriore
714 1123 760 1173 bis
781 1137 844 1176 cum

33 1193 172 1249 Vaccaeis
183 1191 297 1261 egregie
307 1205 446 1260 pugnasse
457 1191 597 1245 scribunt:
619 1191 656 1243 ud
673 1192 794 1258 triginta
816 1198 845 1245 et

33 1265 155 1335 emaque
176 1260 268 1315 millia
286 1258 410 1314 hostium
431 1260 582 1326 occidisse,
602 1267 632 1316 et
651 1268 745 1315 castra
759 1276 845 1330 expu-

33 1349 146 1405 gnasse.
182 1330 303 1399 Propius
312 1347 379 1384 vero
388 1337 444 1395 est,
455 1332 546 1387 serius
557 1333 586 1385 iu
596 1332 771 1403 provinciam
782 1346 844 1401 per·

33 1404 154 1466 senisse,
165 1416 246 1469 quem
258 1408 290 1454 ut
301 1418 336 1456 ea
345 1408 454 1465 aestate
464 1403 591 1470 potuerit
598 1418 646 1457 tes
657 1417 765 1471 gerere.

82 1472 133 1525 LI.
152 1472 287 1524 Censores
298 1472 376 1526 fideli
386 1473 537 1525 concordia
553 1479 683 1526 senatum
701 1472 843 1541 legerunt.

34 1542 170 1608 Princeps
180 1541 270 1594 lectus
282 1549 325 1595 est
340 1543 401 1610 ipse
412 1558 512 1595 censor
522 1542 562 1595 Μ.
571 1543 708 1596 Aemilius
718 1542 844 1609 Lepidus

35 1610 166 1682 pontifex
176 1612 326 1663 maximum
348 1620 406 1665 tres
416 1613 501 1665 eiecti
517 1611 551 1662 de
570 1617 681 1664 senatu.
717 1612 845 1662 Retinuit

35 1680 171 1752 quosdam
184 1680 305 1746 Lepidus
322 1697 339 1733 a
355 1682 466 1748 collega
481 1683 660 1749 praeteritos.
698 1680 790 1744 Opera
810 1693 846 1730 ex

35 1750 156 1821 pecunia
176 1750 313 1803 attributa
329 1751 475 1818 divisaque
489 1751 564 1800 inter
579 1764 610 1800 se
629 1745 699 1799 haec
721 1745 847 1799 confece-

35 1828 110 1875 runt.
122 1819 245 1887 Lepidus
255 1820 359 1873 molem
371 1821 407 1873 ad
418 1819 608 1881 Tarracinam,
615 1818 757 1883 ingratum
768 1830 846 1883 opus,

36 1890 109 1959 quod
121 1889 241 1959 praedia
250 1888 372 1942 habebat
381 1891 435 1951 ibi,
455 1889 648 1956 privatamque
659 1886 789 1953 publicae
804 1886 847 1937 rei

36 1961 192 2029 impensam
203 1960 369 2012 inseruerat.
405 1958 559 2011 Theatrum
572 1964 600 2011 ct
615 1957 791 2024 proscenium
809 1955 846 2009 ad

34 2030 183 2099 Apollinis,
195 2029 292 2081 aedem
304 2029 376 2081 lovis
388 2029 417 2079 iu
427 2028 579 2095 Capitolio,'
584 2028 782 2096 columnasque
793 2028 845 2079 oir-

36 2116 68 2154 ca
78 2098 231 2168 poliendas
241 2099 305 2151 albo
315 2099 432 2150 locavit:
456 2104 485 2150 et
496 2098 531 2149 ab
546 2096 589 2148 his
606 2097 755 2161 columnis,
774 2111 845 2165 quae

35 2168 215 2223 incommode
228 2170 358 2235 opposite
368 2167 544 2232 ridebantur,
564 2167 772 2234 signeamorit:
796 2165 844 2217 oli·

36 2254 146 2308 poaque
157 2237 192 2289 de
205 2239 355 2302 columnis,
378 2243 406 2289 et
416 2238 497 2306 signa
507 2237 644 2289 militaria
655 2236 738 2288 affixa
754 2234 844 2286 omisis

37 2309 150 2377 generis
163 2307 291 2375 dempsit.
308 2309 347 2358 Μ.
357 2308 471 2359 Fulvius
483 2308 563 2373 plura
574 2313 602 2358 ot
612 2307 728 2359 maioris
740 2304 846 2356 locavit

36 2395 118 2431 usus:
143 2384 253 2444 portum
266 2384 293 2429 et
305 2379 377 2444 piles
389 2377 482 2445 pontis
493 2378 522 2427 in
534 2376 674 2441 Tiberiur;
698 2376 797 2443 quibus
807 2371 846 2439 pi-

37 2449 71 2500 lis
83 2448 207 2499 fornices
218 2453 283 2513 post
300 2448 408 2515 aliquot
419 2462 505 2498 annos
515 2447 545 2497 P.
556 2445 650 2513 Scipio
661 2444 807 2496 Africanus
819 2446 848 2516 et

37 2519 71 2570 L.
83 2517 237 2570 Mummius
248 2533 376 2569 censores
387 2517 551 2569 locaverunt
562 2514 770 2587 imponendos:
781 2511 864 2584 masi·

38 2586 121 2640 licam
133 2594 198 2653 post
209 2587 381 2653 argenterias
390 2587 489 2643 Novas
505 2595 537 2644 et
547 2588 650 2644 forum
669 2583 886 2655 pisentemnm,

36 2657 209 2707 elrcumdau's
221 2659 354 2724 tabernis,
377 2675 451 2730 quas
461 2663 611 2719 vendidit
622 2665 656 2715 in
665 2651 851 2727 priuatum&
870 2639 906 2682 Ἀ

58 2725 87 2770 Τ,
97 2724 163 2773 Lm
180 2726 250 2777 Tou.
266 2727 298 2780 V.
635 2733 675 2786 u
