1860 2994
83 333 116 388 ³2
229 331 734 403 r.1,1v11[u.0.se7.r.c.1ss.]
756 362 758 367 -

81 442 201 492 ationem
211 455 307 492 severe
318 441 449 492 exercuit.
469 439 510 490 Ad
521 446 628 506 septem
639 440 728 490 millia
738 437 809 490 homi

81 509 290 561 condemnavit:
311 510 393 560 multi
403 508 468 560 inde
480 508 627 574 fugerunt,
648 509 682 559 de
699 509 794 560 multis

82 585 159 645 ptum
171 579 401 645 estsupplicium.
418 577 561 640 Consules,
572 574 619 628 diu
628 579 731 628 retenti
741 575 776 628 ad
786 592 809 628 ru

82 648 244 710 delertibus,
255 648 368 699 taudem
381 648 410 698 in
420 648 579 712 provincias
589 646 711 713 profecti
722 652 796 697 sunt.

134 716 221 766 XXX.
250 717 356 769 Eodem
378 732 449 770 anno
474 718 504 767 in
524 717 662 782 Hispania
687 722 809 783 praeterr

82 784 248 850 Calpurnius
261 792 289 836 et
299 785 330 836 L.
345 785 502 846 Quinctius,
524 800 608 850 quum
623 788 711 851 primo
723 794 809 836 verer

81 857 174 909 bernis
188 854 281 920 copias
294 856 407 906 eductas
416 854 444 904 in
456 855 589 905 Baeturia
599 855 768 917 iunxissent,
778 853 809 904 in

82 924 238 992 petaniam,
250 924 296 974 ubi
306 923 429 976 hostiurn
441 931 534 975 eastra
544 931 637 985 erant,
657 923 809 991 progressi'

81 995 220 1047 communi
232 986 323 1045 animo
335 995 505 1059 consilioque
517 996 607 1060 parati
619 1009 676 1044 rom
684 1008 792 1062 gerere.
803 992 809 1044 l

83 1063 181 1130 procul
191 1062 322 1129 Hippone
334 1070 362 1114 et
375 1063 480 1127 Toleto
488 1064 602 1114 urbibus
618 1064 692 1114 inter
707 1063 808 1130 pabula

83 1147 177 1200 pugna
186 1138 249 1183 orta
259 1137 310 1183 est.
348 1132 528 1193 Quibusdam
540 1134 679 1198 utrimque
694 1131 808 1183 subveni

82 1202 195 1264 castris,
216 1202 364 1267 paullatim
380 1217 476 1255 omnes
493 1203 590 1268 copiae
610 1204 639 1252 in
659 1203 748 1253 aciem
768 1200 809 1253 edr

82 1276 156 1322 sunt.
192 1270 224 1322 ln
240 1287 273 1323 eo
289 1273 473 1341 tumultuario
490 1274 640 1324 certamine
657 1278 686 1324 et
702 1271 765 1323 loca
785 1285 809 1320 sr

82 1355 169 1408 genus
183 1356 294 1408 pugnae
309 1357 359 1408 pro
374 1340 455 1394 hoste
471 1343 557 1394 fuere.
592 1342 656 1391 Duo
678 1340 809 1392 exercitur

82 1412 156 1462 mani
170 1410 224 1462 lusi
235 1417 318 1476 atque
329 1414 358 1461 in
369 1419 460 1462 castra
471 1409 605 1477 compulsi
620 1416 692 1462 sunt.
728 1409 792 1460 Non
807 1425 809 1458 :

83 1487 141 1532 tere
152 1481 288 1545 perculsis
300 1478 402 1530 hostes.
420 1479 571 1532 Praetores
583 1479 714 1539 Romani,
725 1495 759 1529 ne
771 1493 807 1546 po

81 1549 126 1599 die
137 1554 230 1599 castra
240 1546 485 1614 oppugnarentur,
506 1549 619 1599 silentio
635 1549 780 1617 proximae
794 1564 809 1597 n

81 1616 167 1668 tacito
179 1619 258 1683 signo
270 1617 618 1670 exercitum'abduxerunt.
648 1619 724 1670 Luce
734 1617 809 1685 prim

81 1686 160 1752 spani
169 1686 228 1736 acie
239 1687 378 1737 instructa
390 1686 425 1737 ad
437 1686 541 1738 vallum
553 1694 809 1752 accesserunt,raca

81 1760 192 1821 praeter
207 1770 282 1821 spem
300 1762 394 1806 castra
410 1758 542 1824 ingressi,
564 1773 634 1824 quae
655 1759 790 1810 derelicta

81 1829 242 1875 nocturnam
253 1826 467 1891 trepidationem
481 1828 763 1894 erant,diripueruntr
776 1839 809 1888 re,

80 1895 157 1961 sique
167 1894 197 1945 in
207 1909 258 1946 sua
268 1901 369 1958 castra,
391 1913 494 1964 paucos
505 1897 564 1950 dies
577 1899 677 1965 quietis
689 1897 800 1946 stativis

80 1971 186 2016 serunt.
221 1964 411 2018 Romanorum
422 1970 626 2034 sociorumque,
647 1968 675 2014 in
687 1963 793 2028 proelio
805 1968 809 2010 l

81 2048 146 2099 que,
158 2035 193 2084 ad
204 2039 324 2101 quinque
335 2037 423 2089 millia
434 2039 538 2097 occisa3
561 2048 675 2100 quorum
687 2046 717 2081 se
727 2029 809 2095 spolii

80 2108 137 2152 stes
149 2109 300 2153 armarunt.
322 2102 390 2154 lnde
402 2104 436 2153 ad
448 2105 556 2170 'fagum
569 2101 672 2152 ilumen
682 2100 799 2166 profecti

82 2169 227 2221 Praetores
242 2172 353 2221 interim
364 2173 479 2221 Romani
495 2185 575 2221 (amne
597 2170 624 2220 id
646 2175 755 2236 tempus
776 2186 809 2222 co

81 2238 177 2289 bondis
189 2254 223 2289 ex
234 2241 392 2292 civitatibus
404 2239 486 2290 sociis
496 2240 685 2306 Hispanorum
699 2240 809 2291 auxiliis

81 2307 260 2374 liciendisque
280 2309 315 2360 ab
335 2314 444 2362 terrore
465 2308 601 2360 adversae
626 2324 736 2377 pugnae
761 2309 809 2360 mil

81 2377 189 2438 animis,
201 2385 442 2444 consumpserunt.
478 2379 530 2429 Ubi
540 2381 608 2429 satis
620 2380 750 2447 placuere
760 2380 809 2430 vin

81 2449 134 2496 iam
146 2446 225 2497 miles
235 2463 353 2515 quoque,
360 2449 394 2498 ad
406 2447 551 2500 delendam
562 2449 684 2518 priorem
695 2449 809 2515 ignomin

81 2515 187 2566 bostem
198 2519 346 2583 poscebat3
361 2517 507 2568 duodecim
519 2519 607 2569 millia
618 2535 747 2584 passuum
759 2521 792 2570 ab
804 2519 809 2537 '

81 2582 195 2635 {lumine
206 2593 361 2651 posuerunt
371 2592 472 2638 castra.
508 2588 574 2639 inde
586 2589 672 2640 tertia
682 2589 779 2654 vigilia
794 2604 809 2638 s*

80 2654 116 2706 tis
127 2653 226 2720 signis,
246 2657 382 2721 quadrato
397 2656 507 2724 agmine
523 2659 658 2725 principio
676 2658 745 2708 lucis
763 2657 798 2708 ad

80 2725 168 2790 ripam
178 2733 372 2792 pervenerunt.
409 2727 499 2777 Trans
510 2725 623 2778 fluvium
637 2728 665 2777 in
677 2726 749 2777 colle
759 2725 809 2777 hos

70 2801 169 2842 castra
180 2801 271 2845 erant.
306 2797 473 2863 Extemplo,
489 2811 544 2864 qua
554 2797 662 2848 duobus
672 2797 740 2846 loeis
752 2797 809 2846 rad

50 2852 274 2933 dabatamnr's„
285 2865 391 2922 dextra
405 2874 494 2940 parte
512 2867 698 2940 Calpurnius,
712 2865 809 2917 laesal
