1860 2994
132 130 205 181 Lra.
219 126 285 189 XL.
295 128 368 181 Car.
377 126 404 181 4.
414 124 440 180 5.
456 126 755 198 [U.c.570.A.c.1o2.]
812 130 846 187 ob

42 233 159 297 Poride,
179 233 279 300 sopitis
290 232 430 296 omnibus,
451 232 486 286 de
502 236 589 285 tertia
602 236 703 303 vigilia
717 252 848 291 conscen-

42 304 121 367 dunt,
131 311 265 369 tanquam
276 302 395 355 redituri
405 302 433 353 in
444 301 685 357 Thessalonicam:
705 306 755 359 sed
770 309 850 361 nais-

42 390 106 429 cere
121 373 153 425 in
164 373 309 425 Euboeam
329 379 390 424 erat
401 373 584 440 propositum.
620 375 749 427 Ceterum
760 377 789 427 in
800 379 848 431 ad·

41 458 155 497 versum
165 449 277 495 ventrio:
287 443 469 509 nequicquam
482 458 530 495 eos
542 443 688 495 tendentes
698 460 785 514 propo
794 456 851 500 ter-

40 529 102 567 ram
113 513 164 565 lux
175 513 327 581 oppressit:
350 513 468 581 etregii‚
486 512 535 579 qui
544 520 695 581 praeerant
704 517 850 571 custodiae

39 589 150 654 portus,
169 582 291 635 lembum
304 588 443 634 armatum
453 582 489 634 ad
500 581 716 649 pertrahendam
729 600 790 637 eam
802 602 849 639 aa·

39 652 98 706 rim
109 651 255 714 misenmt,
273 665 336 704 cum
347 651 429 719 gravi
439 651 542 715 edicto,
553 669 587 706 ne
596 659 804 707 reverterentur
814 657 851 707 si·

39 736 74 777 ae
87 737 130 775 ea
149 722 240 784 Quum
251 721 306 772 iam
318 721 589 791 appropinquabant,
600 721 680 775 Poris
689 724 801 793 quidem
812 725 850 778 ad

40 790 234 846 hortationem
254 793 323 842 remi
362 807 390 842 m
404 798 610 861 nautarumque
629 792 753 847 intentus
773 801 850 859 erat3

41 859 182 918 interdum
192 874 318 911 manusa
348 861 458 913 coelum
470 861 587 915 tendens
597 860 681 927 deos,
699 862 851 919 utlerrcnt

41 929 253 1001 opemorabat.
287 928 851 996 Feroxinterimieminaadmultnante

41 999 269 1071 praecogitatum
280 1000 409 1051 revoluta
420 999 540 1064 facinus,
550 1017 683 1054 venenum
695 1002 786 1067 diluit,
797 1004 852 1056 fers

41 1084 158 1137 rumque
169 1068 289 1137 promit:
311 1074 348 1130 et,
366 1069 459 1135 posito
469 1071 498 1121 in
511 1077 659 1136 conspeetu
670 1073 780 1137 poculo,
789 1073 852 1125 stri·¹

42 1140 147 1208 otiaque
158 1137 275 1207 gladiis,
295 1136 381 1201 Mors,
390 1139 490 1207 iuquit,
501 1155 556 1193 uno
566 1139 687 1191 vindicta
698 1150 746 1193 cst.
784 1140 854 1193 Viae

43 1212 79 1273 od
88 1206 359 1264 antemnarum:
379 1212 434 1279 qu'a
445 1224 576 1278 quemquo
586 1208 771 1292 animtssrt,
783 1207 854 1279 offas

41 1279 100 1353 gito
110 1277 269 1347 supertiam
279 1276 395 1348 regiam.
476 1280 519 1343 ὀ,
529 1279 637 1333 susem
648 1295 711 1344 mes,
725 1278 854 1348 primun,

77 1347 306 1411 intolerantia,
326 1348 417 1421 eapite
453 1366 563 1411 orrum
584 1349 754 1407 aucturus
769 1366 853 1419 pom·

44 1367 108 1483 got,
118 1418 144 1470 si
154 1418 263 1487 segnior
273 1434 344 1471 more
353 1419 440 1472 iuvat.
476 1421 516 1472 Et
525 1420 620 1473 hostes
631 1421 794 1485 adornabat
805 1435 853 1473 au·

47 1497 107 1543 ctor
118 1489 220 1539 mortis
230 1488 363 1539 instabat.
399 1491 453 1541 :llil
464 1491 521 1543 alio
532 1491 591 1542 leto
602 1490 743 1557 absumpti
753 1490 854 1543 semia·

46 1560 136 1613 times
148 1573 163 1611 e
174 1573 243 1609 nave
253 1559 481 1623 praecipitantur.
512 1562 576 1626 lpsa
588 1560 697 1622 deinde,
706 1561 795 1611 virum
808 1573 853 1610 oo·

46 1632 142 1682 mitem
155 1627 256 1677 mortis
266 1628 419 1693 complexa,
429 1630 457 1681 in
467 1644 544 1682 mare
554 1644 616 1680 sese
627 1629 738 1680 deiecit.
774 1628 853 1679 Nave

47 1712 136 1751 vacua
145 1697 268 1750 dominis
279 1698 349 1762 regii
361 1699 444 1763 potiti
455 1704 528 1749 sunt.

97 1764 134 1818 V.
156 1766 248 1818 Huius
268 1767 404 1819 atrocitas
424 1767 558 1819 facinoris
576 1779 675 1816 noram
690 1764 769 1815 velut
778 1761 855 1815 flam·

47 1837 207 1903 mamregis
217 1836 340 1889 invidiae
351 1836 467 1899 adiecit,
485 1842 517 1887 ut
527 1835 612 1901 vulgo
630 1834 721 1900 ipsum
738 1833 854 1886 liberos·

48 1923 99 1979 que
115 1906 177 1958 eius
188 1913 410 1960 exsecrarentur.
447 1908 524 1971 Quae
543 1905 623 1957 dirae
635 1904 714 1956 brevi
723 1905 758 1957 ab
769 1902 856 1956 omni·

47 1978 97 2030 bus
108 1975 164 2028 diis
175 1977 341 2038 exauditae,
361 1983 393 2027 ut
410 1976 533 2028 saeviret
542 1975 603 2042 ipse
613 1975 643 2025 in
654 1990 733 2026 suum
744 1974 854 2042 sangui·

47 2062 121 2110 nem,
137 2044 298 2097 effecerunt.
334 2045 452 2098 Perseus
464 2045 545 2108 enim,
562 2059 645 2112 quum
655 2045 684 2095 in
694 2044 753 2096 dies
764 2045 855 2111 m'agis

48 2121 177 2169 cerneret
201 2114 327 2167 favorem
351 2115 568 2183 dignitatemque
592 2115 730 2167 Demetrii
755 2114 853 2167 fratris

48 2184 122 2253 apud
133 2184 320 2237 Macedonum
331 2185 536 2237 multitudinem
549 2200 682 2246 crescere,
697 2191 726 2238 et
734 2186 854 2252 gratiam

48 2253 123 2323 apud
139 2254 296 2316 Romanos,
316 2254 368 2305 sibi
390 2271 468 2323 opem
483 2255 591 2306 nullam
605 2255 685 2322 regni
701 2268 855 2320 superesse,

48 2324 103 2376 nisi
114 2324 143 2374 in
155 2324 268 2385 scelere,
280 2329 367 2386 ratus,
378 2326 414 2375 ad
425 2325 454 2375 id
465 2340 549 2375 unum
562 2340 656 2376 omnes
668 2324 854 2390 cogitationes

47 2392 177 2446 intendit.
216 2394 344 2444 Ceterum
364 2409 445 2459 quum
462 2410 492 2446 se
503 2411 538 2446 ne
549 2394 584 2445 ad
595 2393 759 2459 mquidem,
779 2388 854 2456 quod

49 2462 179 2514 muliebri
193 2463 336 2528 cogitabat
345 2464 453 2524 animo,
472 2464 543 2514 satis
558 2479 608 2529 per
624 2477 653 2512 se
665 2461 864 2515 validumore·

49 2535 143 2592 deret,
164 2532 289 2599 singulos
301 2533 451 2584 amicorum
464 2534 553 2604 patris
564 2540 680 2588 tentare
691 2526 883 2587 aerniors'rbsua

49 2601 191 2668 perplexis
209 2604 316 2654 institit.
351 2603 391 2656 Et
407 2607 504 2674 primo
525 2609 651 2680 quidam
666 2622 709 2660 ex
719 2603 775 2655 lixa
792 2603 898 2667 aim:

47 2671 169 2783 npgtp'pm
185 2671 241 2785 tqale
256 2674 402 2790 qpp'cquam
425 2681 563 2749 speciem
580 2673 821 2753 praebuerunt,
839 2668 906 2727 ‘lm‘

94 2769 100 2782 .
137 2749 173 2784 rr.
212 2754 257 2790 on.
297 2779 305 2794 .
650 2755 677 2805 qq
