1860 2994
74 293 108 345 88
224 289 259 342 Τ.
277 286 384 340 lell
403 286 446 355 [U.
459 287 488 338 C.
501 289 559 352 571.
576 285 612 339 A.
623 287 651 340 C.
667 285 735 355 181.]
806 314 809 319 ·

74 404 147 450 sunt.
184 394 297 447 Summa
306 394 335 445 vi
346 398 438 445 totum
451 391 524 444 diem
535 398 743 459 oppugnarunt,
751 393 795 445 ita
806 399 839 445 ut
847 409 884 448 ne

74 463 208 520 efferendi
219 463 330 530 quidem
340 463 422 531 signa
432 462 567 513 Romanis
576 463 708 529 spatium,
726 478 778 515 nec
791 464 826 515 ad
838 478 885 517 ex·

73 533 232 605 plicandam
244 533 334 586 aciem
345 534 424 585 locus
436 538 520 584 esset.
548 531 673 583 conferti
683 531 713 582 in
723 533 824 599 portis,
835 532 884 586 ob·

73 605 175 658 stando
190 603 295 672 aragia,
307 612 398 669 'quam
414 600 578 669 pugnando,
599 607 695 655 castra
707 603 883 656 tutabantur.

74 675 131 728 Sub
153 689 283 726 occasum
299 672 473 738 solis0quum
488 670 669 724 recessissent
682 670 792 737 hostes,
814 673 885 724 duos
927 690 928 695 ¹

74 745 182 813 equites
197 742 233 795 ad
244 745 293 795 Cn.
304 741 440 794 Baebium
449 742 651 810 ,proconsulem
666 757 729 794 cum
739 742 829 796 literis
839 742 885 795 Pl·

72 831 119 868 sas
130 815 228 877 mittit,
238 818 270 866 ut
281 814 395 866 obsesso
406 811 462 864 sibi
473 827 524 880 per
533 811 657 864 indutias
672 814 886 880 quamprimum

74 884 201 938 subsidio
222 883 341 937 reniret.
377 883 500 936 Baebius
529 883 685 936 exercitum
705 883 746 935 M.
769 882 885 935 Pinario

73 955 208 1024 praetori,
222 956 299 1008 eunti
309 957 338 1005 in
348 952 513 1015 Sardiniam,
524 952 690 1006 tradiderat.
715 953 847 1005 ceterum
858 959 887 1005 ct

74 1032 202 1077 senatum
214 1024 306 1077 literis
316 1024 467 1076 certiorem
479 1021 557 1085 iecit,
567 1022 693 1077 obsideri
704 1038 722 1075 a
731 1022 886 1088 Liguribus

73 1095 108 1146 L.
118 1095 283 1157 Aemilium,
305 1099 334 1150 at
344 1094 385 1145 Μ.
396 1092 517 1145 Claudio
528 1092 680 1156 Marcello,
701 1092 886 1158 ouiusproxi·

73 1180 121 1216 ma
132 1164 197 1216 inde
208 1163 353 1232 provincia
362 1169 431 1226 crat,
451 1163 573 1230 scripsit,
594 1168 634 1224 ut,
657 1161 886 1227 siridercturei,

74 1236 227 1288 exercitum
238 1248 273 1286 ex
283 1233 378 1285 Galba
389 1233 551 1286 traduceret
559 1233 590 1283 in
601 1232 729 1298 Ligures,
750 1236 780 1282 et
789 1230 823 1282 L.
834 1232 888 1283 Ae·

74 1305 186 1356 milium
203 1303 339 1356 liberaret
355 1303 510 1356 obsidione.
545 1302 626 1354 Haeo
641 1316 705 1354 sera
723 1298 822 1353 subire
838 1315 886 1353 su·

72 1375 145 1426 xilia
156 1379 244 1426 erant.
280 1371 400 1440 Ligures
416 1379 532 1439 postero
547 1371 640 1423 dicad
651 1376 745 1423 castro
756 1369 886 1423 redeunt.

74 1444 224 1504 Aemilius,
246 1457 332 1509 quum
353 1448 383 1493 et
401 1448 533 1493 venturos
551 1441 666 1505 scisset,
687 1447 716 1494 et
727 1440 845 1494 educere
856 1440 888 1491 in

75 1514 165 1564 aciem
177 1512 329 1578 potuisset,
345 1511 422 1561 intra
432 1511 536 1562 vallum
547 1526 614 1562 suos
624 1511 730 1574 tenuit,
750 1515 784 1563 ut
794 1516 888 1564 extra·

74 1580 155 1632 heret
174 1595 234 1630 rom
249 1580 278 1629 in
296 1578 326 1629 id
341 1585 464 1645 tempus,
486 1595 541 1648 quo
551 1579 674 1633 Baebius
686 1596 748 1633 οιιιιι
759 1580 886 1633 exercitu

74 1648 280 1702 vcnircaPisis
291 1653 396 1714 posset.
871 1668 874 1672 ·

127 1716 230 1769 XXVl.
258 1718 364 1773 Romae
389 1732 520 1786 magnam
544 1718 763 1785 trepidationem
783 1717 886 1773 literas

75 1788 176 1840 Baebii
187 1787 326 1840 iecerunt:
350 1803 383 1843 eb
395 1789 539 1851 maiorem,
549 1789 624 1855 qnod
634 1803 738 1856 paucos
749 1794 815 1855 post
825 1787 886 1840 dies

75 1858 238 1923 Marcellus,
248 1858 353 1911 tradito
364 1858 489 1911 exercitu
499 1857 599 1922 Fabio,
614 1858 731 1910 Romam
742 1873 829 1925 quum
839 1873 886 1912 ve·

74 1930 172 1992 nisset,
187 1945 265 1996 spem
278 1928 390 1992 ademit,
407 1944 478 1992 eum,
497 1929 584 1995 quiin
595 1928 690 1980 Gallia
702 1933 785 1990 esset,
808 1942 888 1981 exer·

75 2000 160 2050 citum
178 2000 207 2050 in
223 2000 342 2066 Ligures
363 1999 473 2050 traduci
491 2014 589 2065 posse,
611 1998 678 2064 quio
698 1996 806 2048 bellum
823 2011 888 2050 cum

74 2069 156 2120 lstris
174 2075 262 2130 osset,
284 2066 498 2134 prohibentibus
513 2067 653 2120 coloniam
664 2065 825 2134 Aquileiam
840 2066 889 2120 de·

75 2138 152 2189 duci:
169 2152 202 2188 eo
213 2137 370 2204 proiectum
380 2139 508 2202 Fabium,
520 2153 608 2206 neque
619 2137 685 2190 inde
695 2135 818 2204 regr'ddi,
828 2136 889 2190 bel·

75 2208 104 2259 lo
115 2205 263 2270 inchoato,
286 2222 377 2274 posse.
413 2209 489 2273 Uno,
510 2214 540 2261 et
550 2224 585 2262 ea
593 2209 655 2276 ipsa
666 2206 787 2270 tardior,
803 2220 889 2274 quam

74 2284 186 2343 tempus
201 2278 378 2344 postulabat,
400 2278 522 2331 subsidii
541 2294 605 2347 spes
617 2284 692 2341 erat,
713 2277 739 2328 si
757 2276 888 2328 consules

74 2353 266 2400 maturassent
276 2348 304 2399 in
315 2347 489 2415 provinciam
498 2350 548 2402 ire.
584 2348 617 2400 ld
627 2355 660 2400 ut
670 2347 811 2410 iacerent,
832 2359 887 2414 pro

75 2432 106 2468 se
117 2417 235 2484 quisque
245 2418 361 2470 Patrum
371 2418 530 2472 vociferari.
567 2417 713 2481 Consules,
727 2416 782 2477 nisi
794 2414 888 2468 confe-

75 2493 121 2539 cto
134 2486 259 2550 delectu,
278 2504 382 2557 negare
392 2503 422 2539 se
433 2489 541 2551 ituros,
559 2502 611 2539 nec
627 2502 705 2538 suom
725 2485 887 2553 segnitiem,

77 2556 127 2608 sed
138 2560 193 2609 vim
205 2557 309 2620 morbi,
329 2559 359 2608 in
377 2572 462 2609 causa
472 2573 547 2621 csse,
567 2569 622 2622 quo
634 2556 725 2609 serius
741 2557 888 2623 perlicere·

77 2634 133 2679 tur.
169 2626 233 2679 Non
244 2633 339 2679 tamen
350 2632 503 2694 potuerunt
517 2627 655 2679 sustinere
666 2641 832 2679 consensum
845 2638 887 2677 se·

76 2703 168 2761 natus,
185 2697 250 2766 quin
261 2697 390 2765 paludati
399 2697 519 2761 exireat,
534 2703 563 2749 et
573 2697 718 2759 militibus,
740 2711 811 2764 quos
822 2710 887 2748 con·

66 2769 195 2832 scaptos
203 2767 354 2834 baberent,
375 2767 450 2821 diem
461 2768 614 2831 edicerent,
629 2783 683 2835 quo
694 2767 775 2819 Pisas
786 2780 885 2818 couve-

48 2832 159 2886 uirent.
174 2837 368 2910 Permissum,
377 2846 421 2910 ut,
434 2857 492 2914 qua
502 2840 590 2907 irent,
599 2839 733 2908 orosium
741 2834 899 2887 subitarios
