1860 2994
99 136 136 189 oc
238 135 271 186 Τ.
290 122 399 184 le'n
422 131 624 200 [cesten.
639 133 749 199 c.1se.]

29 295 33 300 ,
96 249 213 300 urorsato,
226 238 373 290 exercitum
384 238 413 290 s'n
423 237 510 289 ltalia
522 235 678 299 luculentam
689 253 707 288 a
718 253 816 290 veneno
828 255 905 292 eave-

37 309 45 328 *
97 318 150 370 ret,
158 307 371 374 praedixerunt:
393 306 551 376 dilegatum
563 307 738 371 consularem,
749 307 797 376 pai
807 317 905 363 auctor

99 376 295 430 essetPruss'ae
311 394 362 458 per
371 379 455 429 scelus
467 375 605 428 occidendi
614 375 743 444 hospitis,
763 376 904 433 miserunt.

98 447 268 499 Exsecratus
280 445 379 498 demde
394 448 424 496 in
439 452 523 514 caput
541 458 712 512 regnumque
723 445 854 512 Prusiae,
873 453 904 501 et

98 513 252 582 hospitales
263 516 329 566 deos
339 516 463 568 violatae
474 515 509 567 ab
521 530 554 567 eo
572 515 639 566 fidei
654 521 740 566 testes
762 516 903 582 invocans,

97 586 229 654 poculum
240 584 377 637 exhausit.
407 586 463 636 ilic
473 586 550 637 vitae
560 585 651 636 exitus
661 584 716 635 fuit
725 585 902 645 Hannibalis.

151 656 209 707 Lll.
228 654 386 722 Scipionem
398 659 426 706 et
436 654 579 723 Polybius,
589 660 620 706 et
629 653 753 704 Rutilius
764 648 902 715 bocauna

98 732 239 778 mortuum
260 721 393 777 scribunt.
428 725 490 791 Ego
511 739 600 790 neque
612 723 669 785 his,
689 725 902 790 nequeValerio

99 796 251 846 assentiens
273 794 325 860 his,
337 793 419 862 quod,
431 794 593 847 censoribus
604 792 643 843 M.
654 793 763 857 Porcio,
774 793 808 846 L.
819 793 904 848 Vale·
921 800 924 805 '

98 865 152 927 rio,
172 865 321 932 principem
331 871 445 917 senatus
456 863 547 930 ipsum
558 862 590 914 L.
602 860 748 914 Valerium
760 878 904 917 censorem

98 934 202 985 lectum
221 934 349 998 inveni03
380 950 463 1001 quum
484 931 674 1000 superioribus
694 933 785 984 tribus
805 933 904 987 lustris

72 1041 75 1049 .
98 1001 245 1067 Africanus
256 1003 366 1056 fuisset:
388 1019 443 1071 quo
453 1002 528 1067 vivo,
546 1002 602 1053 nisi
617 1008 648 1053 ut
665 1002 715 1053 ille
731 1009 830 1054 senatu
846 1017 904 1054 mo·

98 1079 219 1133 veretur,
231 1088 313 1139 quam
324 1079 419 1125 notam
429 1088 510 1125 nemo
522 1072 673 1124 memoriae
685 1072 820 1138 prodidit,
832 1072 904 1124 alius

99 1141 228 1208 princeps
243 1143 273 1193 in
288 1143 379 1194 locum
396 1143 455 1211 eius
472 1142 562 1194 lectus
579 1157 634 1192 non
646 1147 729 1194 esset.
764 1143 906 1195 Antiatem

99 1217 245 1263 auctorem
256 1212 363 1264 refellit
374 1213 501 1265 tribunus
513 1211 603 1277 plebis
614 1210 653 1261 M.
664 1210 799 1274 Naevius,
810 1211 906 1264 adver·

99 1295 148 1330 sus
159 1296 240 1348 quem
252 1282 343 1332 oratio
360 1282 497 1346 inscripta
506 1279 537 1330 P.
547 1278 672 1330 Africani
683 1286 736 1332 est.
771 1280 826 1332 llic
835 1281 906 1334 Nae·

97 1350 162 1404 vius
173 1351 203 1402 in
213 1350 425 1417 magistratuum
439 1348 519 1401 libris
535 1354 577 1400 est
597 1349 725 1400 tribunus
749 1349 853 1416 plebis,
873 1349 904 1403 P.

25 1471 26 1478 ,
99 1421 225 1480 Claudio,
238 1419 271 1471 t..
281 1418 382 1470 Porcio
393 1419 566 1469 consulibus:
588 1417 636 1470 sed
648 1419 715 1470 iniit
725 1421 904 1483 tribunatum,

99 1491 149 1555 Ap.
162 1489 293 1551 Claudio,
313 1487 352 1538 M.
365 1485 529 1554 Sempronio
551 1488 725 1551 consulibus,
747 1496 812 1541 ante
833 1489 905 1557 dieas

100 1564 228 1626 quartum
239 1558 302 1608 ldus
313 1557 490 1610 Decembres.
525 1557 593 1610 lude
605 1564 662 1610 tres
672 1574 780 1612 menses
795 1558 832 1611 ad
842 1557 907 1610 ldus

97 1627 217 1680 Martias
228 1633 306 1692 sunt;
327 1629 426 1695 quibus
436 1627 466 1680 P.
478 1627 620 1692 Claudius,
639 1627 672 1679 L.
682 1627 797 1680 Porcius
808 1642 916 1680 consu*

99 1698 188 1749 latum
200 1699 330 1751 inierunt.
364 1699 410 1750 lta
431 1705 459 1751 et
478 1699 582 1752 vixisse
602 1701 631 1749 in
650 1699 794 1750 tribunatu
806 1697 908 1750 Naevii

99 1768 223 1832 videtur,
246 1770 360 1836 diesque
375 1769 403 1821 ei
419 1769 475 1822 dici
492 1769 526 1821 ab
544 1783 578 1820 eo
593 1770 732 1834 potuisse3
747 1767 908 1829 decessisse

101 1845 194 1890 autem
206 1845 270 1890 ante
280 1839 312 1890 L.
323 1839 433 1892 Valerii
443 1846 472 1890 et
481 1838 520 1889 M.
532 1836 625 1887 Porcii
635 1847 788 1884 censuram.
807 1837 908 1888 Trium

102 1907 320 1958 clarissimorum
332 1922 398 1959 suae
410 1909 542 1971 cuiusque
552 1901 771 1968 gentisvirorum
782 1917 838 1952 non
848 1919 909 1958 ma·
922 1952 926 1959 ,

100 1976 143 2042 gis
157 1981 283 2040 tempore
299 1980 469 2042 congruente
485 1969 682 2037 comparabilis
700 1985 775 2021 mors
794 1971 909 2026 videtur

47 2064 58 2079 κ
101 2058 170 2105 esse,
177 2058 259 2109 quam
270 2044 344 2111 quod
355 2057 436 2094 nemo
447 2056 544 2094 eorum
554 2040 624 2091 satis
634 2039 748 2108 dignum
759 2040 908 2108 splendore

100 2112 177 2163 vitae
188 2113 291 2164 exitum
304 2111 410 2164 habuit.
444 2112 504 2164 lam
516 2112 635 2177 primum
647 2126 744 2163 omnes
755 2127 810 2163 nou
821 2112 851 2164 in
861 2128 909 2179 pa·

100 2182 156 2233 trio
168 2180 229 2233 solo
241 2183 354 2246 mortui,
363 2198 415 2234 nec
424 2181 529 2249 sepulti
540 2185 617 2231 sunt.
642 2181 755 2234 Veneno
768 2181 909 2249 absumpti

62 2290 65 2296 .
99 2250 242 2304 Hannibal
253 2257 281 2304 et
292 2250 504 2320 Philopoemeu3
524 2250 604 2304 exsul
613 2251 767 2315 Hannibal,
779 2251 907 2319 proditus

101 2322 136 2373 ab
147 2319 273 2386 hospite;
289 2327 385 2389 captus
396 2321 596 2390 Philopoemen
603 2319 637 2376 ¹in
648 2336 761 2373 carcere
772 2329 801 2373 ct
810 2324 840 2373 in
849 2323 908 2374 rin·

102 2390 171 2442 culis
184 2391 345 2457 exspiravit.
356 2391 460 2459 Scipio,
471 2391 525 2445 etsi
536 2406 590 2443 non
601 2390 688 2455 exsul,
695 2405 783 2458 neque
793 2391 906 2443 damna·

25 2452 41 2523 ,“
101 2466 157 2524 tus,
168 2459 212 2512 die
223 2466 318 2515 tamen
328 2462 417 2526 dicta,
428 2463 464 2516 ad
475 2476 560 2530 quam
569 2476 625 2512 non
637 2459 759 2513 affuerat
769 2477 845 2524 reus,
860 2461 906 2513 ab·

102 2547 165 2582 sens
176 2531 286 2594 citatus,
292 2531 480 2584 uoluntarium
492 2546 546 2583 non
557 2531 739 2597 sibimetipse
750 2529 850 2595 solum,
857 2531 904 2585 sed

78 2643 81 2647 ,
103 2601 189 2652 etiam
200 2599 361 2665 sunericus,
372 2603 501 2654 exsilium
512 2601 624 2652 indixit.

137 2668 212 2718 Llll
231 2671 308 2724 Dum
321 2688 355 2728 ea
369 2672 400 2726 in
411 2672 608 2747 Peloponneso
623 2669 654 2738 <a
668 2668 769 2739 quibus
789 2666 910 2720 deseras
