1860 2994
42 69 116 124 Lre.
128 69 193 125 XL.
204 72 278 127 Cir.
289 71 332 126 37.
343 73 386 127 38.
403 72 702 143 [U.C.572.A.C.180.]
738 73 787 129 lot

21 177 76 228 nei
86 176 202 228 tertium
218 182 334 244 negatus
349 179 510 230 consulatus
527 180 635 245 petenti
651 185 740 241 esset,
761 187 791 231 et

21 246 254 315 lecisse,pararet
265 249 339 299 seed
349 250 496 314 petendam
503 265 514 309 ;
523 249 600 301 intra
612 249 677 299 duee
689 264 791 301 menter

21 312 159 380 betarum,
177 325 210 368 ut
224 319 318 369 consul
326 316 420 386 fleret.
455 319 530 369 Inter
541 319 629 369 multa
639 318 697 369 ulia
710 319 785 370 testi·

21 387 87 449 onia,
99 386 135 437 ad
149 401 261 438 causam
272 388 453 453 pertinentia,
474 387 543 439 haec
553 401 741 454 quoque'vox,
750 393 778 439 ni

21 471 35 507 s
56 470 126 509 vero
149 463 248 509 eventu
269 459 460 523 comprobata,
480 458 585 520 valuit,
605 473 654 508 our
663 458 791 509 Hostilia

21 532 171 579 moeretur.
207 525 290 578 Veris
306 527 441 593 principio
460 527 554 589 huius,
575 527 640 579 durn
661 528 789 580 consules

21 608 70 647 ros
80 595 207 647 delectus
218 597 323 648 Romae
340 602 431 659 tenet,
451 612 526 648 mors
544 597 644 649 deinde
662 598 790 657 alterius,

21 665 134 718 creandi
146 666 260 717 comitia
272 666 395 717 consulis
405 667 434 717 in
445 667 536 718 locum
547 668 616 729 eius,
629 668 723 718 omnia
732 672 791 718 tar-

21 748 64 787 rra
77 733 219 788 leceruntz
239 735 351 788 interim
363 735 393 787 P.
406 737 551 787 Cornelius
567 742 596 788 et
608 738 646 787 Μ.
657 736 790 795 Baebius,

21 804 80 855 iia
101 805 251 856 consulatu
272 804 343 856 nihil
364 805 546 857 memorabile
572 812 729 872 gesserant,
760 805 790 855 in

21 888 114 927 uanos
125 873 245 941 Ligures
256 874 408 926 exercitum
419 874 596 927 induxerunt.

33 943 191 997 XXXVlll.
208 944 337 1010 Ligures,
344 943 393 1009 qui
403 949 469 995 ante
478 944 629 995 adventum
635 945 670 996 in
680 944 790 1012 provin·

21 1028 54 1067 run
66 1011 216 1065 consulum
226 1027 281 1063 non
293 1018 504 1078 exspectassent
512 1013 627 1075 bellum,
637 1014 791 1080 improviso

21 1083 123 1152 pressi,
145 1081 183 1133 ad
201 1081 349 1134 duodecim
364 1080 457 1134 millia
470 1078 612 1132 hominurn
627 1082 794 1135 dediderunt

56 1154 124 1215 Eos,
136 1152 265 1204 consulto
275 1167 328 1219 per
335 1151 433 1203 literas
443 1150 521 1218 prius
531 1156 644 1214 senatu,
655 1150 793 1204 deducere

28 1224 171 1275 montibus
181 1223 211 1273 in
222 1237 305 1291 agros
316 1226 487 1288 campestres
497 1222 597 1289 procul
607 1222 642 1273 ab
653 1221 747 1284 domo,
757 1236 794 1275 ue

21 1291 89 1345 litias
100 1308 163 1360 spes
175 1298 263 1356 esset,
285 1292 431 1345 cornelius
447 1298 477 1346 et
486 1292 610 1344 Baebius
626 1297 792 1353 statuerunt,

21 1362 89 1415 llum
109 1364 194 1414 alium
214 1368 280 1415 ante
301 1364 384 1414 finem
404 1363 463 1415 rati
483 1362 545 1415 fore
555 1362 697 1431 Ligustini
714 1362 791 1414 belli.

21 1446 57 1495 :er
67 1433 194 1499 publicus
204 1433 301 1500 populi
310 1433 428 1484 Romani
440 1439 503 1486 erat
512 1433 540 1483 in
553 1430 732 1497 Samnitibus,
745 1433 793 1498 qui

21 1503 204 1555 mrasinorum
216 1502 329 1571 [fuerat.
364 1503 396 1553 ln
408 1518 470 1554 eum
482 1503 576 1569 quum]
587 1503 734 1554 traducere
746 1501 794 1552 Li-

21 1588 66 1626 res
81 1574 212 1638 Apuanos
227 1572 344 1633 vellent,
365 1572 528 1632 edixerunt,
548 1571 667 1639 Ligures
683 1570 795 1636 Apuani

29 1642 161 1694 montibus
173 1643 374 1703 descenderent,
386 1657 446 1692 curn
460 1640 552 1692 liberis
568 1639 793 1708 coniugibusque:

21 1728 34 1764 a
45 1711 134 1765 omnia
144 1727 232 1763 secum
241 1718 394 1778 portarent.
431 1710 649 1775 Ligures,saepe
661 1723 710 1772 per
721 1708 795 1774 lega·

21 1797 31 1833 s
43 1781 195 1847 deprecati,
205 1796 239 1832 ne
251 1779 517 1848 penates,sedem,in
530 1794 584 1845 qua
594 1778 682 1847 geniti
692 1785 794 1837 essent,

21 1851 114 1917 pulcra
124 1852 275 1915 maiorum,
286 1856 454 1919 cogerentur
466 1849 635 1916 relinquere,
646 1862 732 1912 arma,
744 1849 792 1901 ob·

21 1921 58 1972 les
79 1922 291 1987 pollicebantur.
328 1922 479 1986 Postquam
499 1919 569 1971 nihil
594 1920 792 1987 impetrabant,

21 2006 74 2058 que
89 1992 163 2043 vires
180 1991 215 2043 ad
231 1991 393 2043 bellandum
408 1996 501 2052 erant,
522 1989 614 2041 edicto
631 1999 792 2055 paruerunt.

21 2061 121 2112 *adacti
132 2067 196 2112 sunt
207 2062 317 2127 publico
329 2067 440 2127 sumptu
452 2061 487 2112 ad
503 2060 687 2127 quadraginta
703 2058 793 2110 millia

21 2145 139 2183 erorum
151 2132 273 2197 capitum
283 2147 345 2183 curn
357 2131 469 2183 feminis
484 2131 640 2196 puerisque.
676 2129 793 2196 Argenti

20 2206 175 2253 tacentum
187 2207 216 2253 et
228 2203 431 2271 quinquaginta
440 2200 543 2262 millia,
557 2200 644 2262 unde,
665 2200 693 2250 in
704 2193 792 2250 noras

21 2271 80 2334 des,
101 2278 308 2336 compararent,
331 2288 401 2340 quae
413 2277 594 2337 opusessent.
630 2271 705 2335 Agre
723 2266 792 2317 divi-

20 2340 74 2392 ndo
86 2341 231 2408 dandoque
242 2342 341 2404 iidem,
362 2343 410 2409 qui
425 2340 622 2399 traduxerant,
647 2336 791 2414 Cornelius

33 2410 156 2463 Baebius
176 2412 340 2478 praepositi:
371 2411 578 2478 postulantibus
597 2414 698 2459 tannen
715 2407 804 2464 ipsis,

21 2480 162 2547 inqueviri
172 2483 206 2532 ab
218 2486 317 2533 senatu
329 2481 404 2546 dati,
425 2496 551 2551 quorum
561 2494 600 2534 ea
609 2472 737 2527 canariis
748 2480 822 2528 Ψ»-

21 2555 50 2598 nt
65 2551 213 2602 Transacta
222 2567 262 2615 re,
274 2568 362 2620 quum
375 2560 511 2609 veterem
524 2539 846 2606 exereitumbuffim

21 2615 161 2683 luxissent,
182 2622 352 2694 triumphus
367 2630 407 2685 ab
420 2633 541 2685 senatu
552 2627 603 2679 est
615 2613 780 2669 decreras.
812 2595 846 2644 xi
