1860 2994
95 134 172 187 [ιη.
183 131 250 186 XL.
261 134 335 186 Cer·
346 128 440 186 15.16.
456 132 499 203 [U
506 131 536 184 C.
544 130 642 207 579.A.
649 131 680 184 C.
690 133 759 200 182]
801 131 836 185 ⁷9

29 250 103 288 mass
114 236 236 298 occidor,
250 238 381 303 postulat.
420 234 495 299 Quid
503 252 572 305 eam,
596 253 676 304 prtum
686 253 800 307 regnum
811 239 838 292 ei

29 304 196 367 assidetis,
208 306 358 377 suenorum
368 305 456 358 credis
467 305 496 358 in
505 322 546 357 me
558 322 627 368 esse,
644 306 690 373 poi
699 306 755 360 isos
765 325 836 362 aune

29 372 161 494 usppsiue
174 389 232 427 meo
241 374 293 427 sibi
303 373 444 445 indulgeri
454 391 569 442 aequom
579 378 686 428 censet!

105 441 157 495 Vl.
169 444 285 496 Dicenti
295 443 363 496 haec
373 445 507 497 lacrimae
518 445 602 496 simul
611 444 741 511 spiritum
753 454 781 500 et
789 462 835 497 vo·

31 528 86 567 cem
96 512 328 565 intercluserunt.
363 513 522 580 Philippus,
541 514 688 567 summotis
700 516 744 579 iis,
760 517 836 582 paul·

30 582 118 649 lispor
128 581 287 634 collocutus
299 598 361 634 cum
371 584 478 644 amicis,
490 585 694 649 pronuntiavit:
707 583 769 638 Non
781 602 836 637 oer-

31 652 121 713 usse,
144 652 283 704 messius
293 651 377 705 horae
387 652 594 719 disceptatione,
616 670 727 707 causam
744 670 836 707 eorum

31 720 256 784 massuram,
267 723 314 773 sed
322 721 483 789 inquirendo
492 722 522 774 in
533 721 675 790 utriusque
684 723 776 787 situm,
786 741 840 777 mo·

32 807 89 852 res‚·
112 798 144 843 st
160 789 235 843 sicta
249 791 427 865 soctaqoes‘n
437 791 697 862 mogaisparoispus
709 795 786 846 relus
799 793 841 845 ol-

33 860 232 914 mandarat
253 862 381 913 omnibus
403 867 563 928 appareret,
584 864 673 915 noctis
695 863 839 930 proximae

34 933 139 983 crimen
150 927 236 982 facilc
246 931 395 994 revictum3
416 937 572 998 suspectam
589 933 701 983 nimiam
713 948 775 983 cum
786 934 840 984 lio·

32 1001 123 1052 manis
133 1000 276 1052 Demetrii
288 1001 409 1067 gratiam
420 1016 489 1052 esso.
526 1001 615 1062 llaec,
625 1002 690 1053 rivo
701 1000 841 1069 Philippo,

32 1070 110 1124 velut
119 1068 231 1123 semina
239 1069 318 1119 iacta
328 1075 392 1120 sunt
402 1068 579 1121 Macedonici
595 1069 679 1132 belli,
700 1072 773 1137 quod
785 1086 842 1122 ma·

32 1141 107 1192 xime
119 1154 183 1190 cum
195 1139 299 1190 Perseo
310 1139 462 1205 gerendum
474 1143 543 1190 erat.
576 1139 709 1189 Consules
720 1141 801 1191 ambo
812 1140 842 1191 in

33 1209 171 1277 Ligures,
191 1224 263 1277 quae
283 1213 342 1259 tum
365 1223 420 1260 una
440 1207 596 1259 consularis
615 1208 758 1276 provincia
772 1213 842 1272 orat,

33 1278 262 1346 proficiscuntnrr
286 1283 326 1341 et,
348 1280 414 1346 quia
430 1293 564 1346 prospere
579 1277 619 1329 ibi
628 1294 674 1330 res
686 1283 842 1346 gesserunt,

34 1349 204 1417 supplicatio
215 1349 243 1399 in
253 1363 336 1399 unum
348 1350 422 1401 diem
434 1349 547 1402 decreto
557 1354 609 1401 est.
637 1348 772 1416 Ligurum
785 1348 840 1400 cluo

34 1420 123 1470 millia
142 1417 203 1470 fere
224 1417 260 1469 ad
276 1425 429 1471 extremum
444 1421 526 1471 tinem
542 1421 702 1486 provinciae
718 1418 840 1480 Galliac,

35 1490 81 1540 ubi
91 1493 187 1540 castra
199 1488 349 1539 Marcellus
360 1485 492 1552 habebat,
513 1497 661 1552 venerunt,
682 1491 723 1540 uti
734 1489 840 1555 recipe·

35 1564 139 1620 rentur,
151 1564 273 1608 orantes.
304 1557 464 1622 Marcellus,
475 1561 598 1626 opperiri
610 1560 708 1611 eodem
719 1560 781 1610 loco
793 1558 840 1608 Li-

35 1628 151 1695 gur-ibus
161 1627 253 1689 iussis,
268 1634 391 1678 senatum
404 1645 453 1695 per
462 1628 560 1680 literas
572 1629 722 1680 consuluit.
756 1626 840 1677 Sena·

36 1706 78 1749 tus
87 1697 245 1749 rescribere
257 1697 296 1748 M.
308 1697 458 1764 Ogulnium
469 1703 627 1763 praetorem
637 1696 775 1747 Marcello
787 1695 842 1744 ius-

37 1770 86 1818 sit:
113 1764 212 1818 Verius
222 1766 324 1848 fuisse,
342 1770 469 1830 consules,
491 1783 602 1835 quorum
611 1764 754 1834 provincis
766 1771 842 1826 esset,

39 1853 117 1905 psam
127 1853 164 1898 se,
181 1837 247 1904 quad
256 1855 270 1888 e
279 1837 416 1903 republica
428 1848 506 1902 esset,
529 1837 688 1896 decernam
708 1844 766 1886 tum
779 1849 842 1901 quo·

39 1923 84 1974 pue
97 1925 154 1960 nou
166 1909 288 1975 placere,
310 1909 334 1959 si
343 1925 396 1975 per
407 1908 570 1960 deditionem
583 1906 701 1978 Ligures
716 1904 842 1975 recipiat,

40 1976 152 2045 receptis
164 1993 243 2028 ormo
254 1977 353 2029 adimi:
372 1987 461 2047 atque,
480 1995 522 2030 eos
533 1979 571 2030 od
582 1980 701 2030 consules
711 1975 793 2039 mitti,
804 1993 843 2027 se·

41 2057 133 2100 sutum
146 2063 261 2114 aequom
273 2063 386 2099 censere.
421 2047 568 2099 Praetores
590 2048 688 2099 eodem
707 2052 843 2113 tempore,

41 2115 66 2170 P.
77 2117 206 2169 Manlius
218 2119 246 2168 in
258 2117 418 2169 ulteriorem
430 2118 605 2185 Hispaniam,
618 2132 698 2183 quam
710 2123 738 2168 et
750 2119 844 2183 priore

42 2193 175 2253 praetura
185 2187 355 2253 provinciam
366 2188 536 2251 obtinuerat;
559 2187 592 2248 Q.
604 2187 716 2238 Fulvius
728 2187 845 2238 Flaccus

43 2257 68 2308 in
78 2257 243 2309 citeriorem
254 2257 391 2321 pervenit,
414 2258 617 2323 exercitumque
630 2273 646 2306 a
657 2258 789 2308 Terentio
802 2271 847 2306 ac·

44 2329 127 2394 cepit.
153 2326 226 2378 Nam
237 2327 355 2377 ulterior
365 2332 454 2376 morte
466 2327 495 2376 P.
508 2325 664 2391 Sempronii
674 2323 847 2394 proconsulis

43 2399 102 2450 sinc
114 2395 234 2462 imperio
247 2394 346 2446 fuerat.
368 2394 496 2445 Fulvium
507 2397 640 2448 Flaccum
652 2397 784 2461 oppidum
796 2393 848 2443 lli·

43 2482 179 2534 spanum,
196 2465 343 2516 Urbicuam
355 2465 478 2526 nomine,
498 2472 705 2533 oppugnantem
716 2458 858 2515 cutmen

43 2537 135 2588 adorti
150 2540 222 2585 sunt.
259 2533 336 2584 Dura
351 2534 392 2584 ibi
404 2535 514 2600 proelia
533 2536 649 2608 aliquot
662 2536 759 2589 iactat
780 2525 883 2605 inulti³

42 2606 164 2658 Romani
174 2603 276 2654 milites
287 2610 316 2654 et
326 2603 478 2675 vulnerati,
493 2617 521 2666 et
531 2609 693 2665 interiecti
703 2608 789 2656 sunt.
798 2595 897 2668 wi}

34 2674 239 2738 perseverantia
252 2673 356 2739 Fulvii,
378 2682 457 2748 quod
471 2686 562 2740 nulla
571 2686 602 2740 vi
614 2669 818 2736 nostratuum
828 2661 915 2714 uuek-
