1860 2994
200 74 250 126 138
345 74 378 122 r.
398 70 510 121 Livii
528 71 569 136 [n.
583 71 613 121 o.
626 71 683 135 57⁶.
702 69 772 121 ns.
788 67 854 136 nn]

200 176 305 226 denarii
319 176 386 225 dati:
400 175 502 240 duplex
515 175 677 236 centurioni,
689 176 794 240 triplex
805 176 900 240 equiti.
914 174 924 226 l

200 246 315 297 dimidio
327 246 430 305 minus,
442 259 526 311 quam
536 244 657 306 civibus,
678 244 786 294 datum:
807 247 903 313 itaque
914 251 924 296 t

198 320 230 367 ut
239 315 329 366 iratos
340 330 400 366 esse
412 316 541 376 sentires,
552 314 641 364 secuti
653 320 719 364 sunt
729 329 847 367 currum.

252 383 328 435 XlV.
346 381 424 450 [18.]
442 383 515 434 Dum
528 384 553 434 is
563 382 719 450 triumphus
731 384 765 435 de
777 383 924 452 Ligumlrus

198 454 290 516 batur,
302 453 430 520 Ligures,
441 459 589 520 postquam
600 461 817 517 senserunt,non
830 454 924 507 consul

198 528 308 576 tantum
319 525 472 574 exercitum
484 523 599 575 ltomam
610 525 776 586 abductum,
798 524 848 576 sed
863 524 924 592 legi

199 595 235 645 ab
247 593 291 644 Ti.
309 592 428 643 Claudio
447 591 519 643 Pisis
539 591 698 656 dimissam,
718 593 805 645 soluti
822 599 912 658 metu,

200 661 327 714 exercitu
336 661 457 723 indicto,
479 676 529 728 per
544 668 720 714 transversos
735 663 850 725 limites,
868 679 924 731 supr

198 731 354 794 montibus,
373 733 402 783 in
418 746 532 797 campos
549 731 687 798 degressi,
708 747 805 800 agrum
815 732 924 791 Mutine

197 802 336 870 populati,
343 802 490 867 repentino
502 803 609 867 impetu
621 801 757 853 coloniam
770 802 859 869 ipsam
866 817 924 871 cept

197 873 232 926 ld
241 873 290 924 uhi
300 872 415 923 Romam
427 870 545 921 allatum
556 877 607 933 est,
619 876 733 923 senatus
745 871 924 923 C.Claudiu1r

199 943 289 995 sulem
300 941 414 992 comitia
424 941 515 1019 ppimo
529 955 639 1008 qnoque
655 945 782 1007 tempore
797 939 901 995 hahere
916 941 924 992 i

200 1012 359 1077 creatisque
370 1010 401 1061 in
411 1023 512 1061 annum
523 1009 736 1076 magistratibus
747 1012 775 1060 in
785 1011 924 1077 provincio

200 1081 272 1144 dire,
285 1087 314 1133 et
324 1080 462 1132 coloniam
474 1095 509 1131 ex
517 1077 645 1131 hostibus
656 1080 790 1146 recipere.
826 1080 877 1142 lto,
890 1086 924 1132 ut:

200 1153 260 1204 suit
270 1155 398 1211 senatus,
420 1149 534 1201 comitia
545 1149 651 1201 habita.
688 1150 822 1201 Consules
835 1148 923 1202 oreuti

201 1220 349 1274 Cornelius
369 1218 461 1284 Scipio
480 1219 638 1284 Hispallus,
660 1219 693 1281 Q.
713 1219 842 1271 Petillios
864 1217 924 1289 Spu¹

200 1289 352 1342 Praetores
367 1289 433 1339 inde
448 1286 530 1348 facti,
550 1288 589 1338 M.
600 1287 737 1353 Popillius
749 1290 875 1351 Laenas,
895 1288 924 1341 P.

200 1358 262 1410 nius
275 1358 400 1418 Crassus,
410 1357 450 1408 M.
462 1356 609 1407 Cornelius
623 1356 726 1424 Scipio,
736 1359 768 1409 L.
778 1359 907 1426 Papirius
919 1360 924 1411 l

201 1427 240 1479 Μ.
252 1426 379 1488 Aburius,
389 1426 422 1476 L.
433 1424 572 1491 Aquillius
584 1426 693 1478 Gallus.
730 1428 759 1479 C.
772 1429 888 1480 Claudio
900 1445 924 1481 cr

202 1500 384 1566 prorogatum
396 1498 424 1547 in
439 1510 542 1547 annum
552 1496 710 1562 imperium,
719 1497 845 1550 etGallia
855 1513 922 1566 pror

203 1577 241 1630 et,
254 1583 288 1619 ne
299 1568 364 1619 istri
376 1566 458 1628 idem,
465 1564 540 1631 quod
550 1566 714 1633 etLigurcs‚
724 1567 924 1631 facerent‚soci

202 1638 287 1690 minis
297 1637 393 1689 Latini
403 1638 431 1687 in
438 1636 549 1687 lstriam
560 1636 694 1698 mitteret,
702 1653 770 1705 quos
782 1637 918 1705 triumphi

204 1709 238 1760 de
250 1709 394 1774 provincio
406 1705 577 1758 deduxisset.
615 1708 662 1757 Cn.
673 1708 804 1759 Cornelio
814 1713 843 1760 et
854 1707 887 1770 Q.
897 1707 924 1759 Ρι

205 1779 379 1838 consulibus,
390 1790 443 1842 quo
455 1775 501 1827 die
512 1776 707 1843 magistratum
718 1777 858 1841 inierunt,
868 1777 924 1829 inm

203 1847 279 1897 tibus
289 1846 350 1896 lovi
361 1843 478 1910 singulis
488 1844 590 1907 bubus,
600 1849 641 1896 uti
653 1847 740 1910 solet,
751 1849 780 1899 in
793 1864 828 1901 ea
837 1847 924 1901 hostis

205 1915 239 1974 Q.
251 1912 383 1967 Petillios
394 1912 571 1976 sacrificavit,
582 1917 610 1964 in
621 1915 747 1969 iocinore
758 1923 841 1983 capnt
852 1918 924 1968 noni

204 1990 274 2035 tum.
310 1982 342 2033 ld
353 1998 436 2049 quum
446 1981 483 2033 ad
493 1988 622 2035 senatum
633 1982 788 2048 retulisset,
798 1987 869 2037 bove
879 2001 924 2052 per

205 2053 307 2104 iussus.
325 2050 368 2102 De
378 2052 534 2118 provinciis
545 2053 644 2105 deinde
656 2055 800 2104 consultus
810 2061 924 2105 senatus

208 2128 238 2176 et
247 2123 365 2188 Ligures
376 2122 533 2187 provincias
545 2123 706 2174 consulibus
719 2125 850 2175 decrevit.
868 2123 922 2174 Cui

206 2192 351 2261 provincia
360 2192 535 2255 obvenisset,
557 2185 638 2258 quuni
651 2195 865 2261 magistratuum
883 2208 924 2246 ere

207 2277 269 2315 rum
281 2265 391 2328 tempus
403 2267 491 2323 esset,
513 2261 549 2312 ud
562 2263 678 2314 comitia
689 2265 795 2316 reverti
804 2265 898 2316 iussit.

205 2339 266 2384 tum
279 2330 408 2392 decreto,
428 2337 459 2382 ut
468 2331 548 2382 binas
557 2330 683 2399 legiones
693 2349 780 2386 nevas
796 2334 924 2387 scribere

206 2409 336 2455 trecenos
346 2401 469 2470 equites3
480 2406 508 2452 et
518 2400 591 2452 «leno
600 2402 690 2455 millia
700 2404 821 2470 peditum
832 2403 919 2457 sociis

201 2474 292 2539 nique
300 2471 419 2534 Latino,
440 2479 614 2523 etsexcenos
631 2473 802 2541 imperarent
818 2473 924 2543 equites

188 2543 320 2621 'Claudio
330 2546 522 2614 prorogatum
534 2546 578 2595 est
585 2541 736 2610 imperium
743 2543 924 2609 islstempn

180 2626 212 2659 ιιι
223 2616 420 2680 provinciam
433 2615 541 2674 consul
549 2612 688 2672 uenisset.
