<?xml version="1.0" encoding="UTF-8"?>
<!DOCTYPE html PUBLIC "-//W3C//DTD XHTML 1.0 Transitional//EN"
    "http://www.w3.org/TR/xhtml1/DTD/xhtml1-transitional.dtd">
<html xmlns="http://www.w3.org/1999/xhtml" xml:lang="en" lang="en">
 <head>
  <title>
</title>
<meta http-equiv="Content-Type" content="text/html;charset=utf-8" />
  <meta name='ocr-system' content='tesseract 3.04.00' />
  <meta name='ocr-capabilities' content='ocr_page ocr_carea ocr_par ocr_line ocrx_word'/>
</head>
<body>
  <div class='ocr_page' id='page_1' title='image "./tliviipatavinih01livigoog_0249.png"; bbox 0 0 1860 2994; ppageno 0'>
   <div class='ocr_carea' id='block_1_1' title="bbox 128 39 785 96">
    <p class='ocr_par' dir='ltr' id='par_1_1' title="bbox 128 39 785 96">
     <span class='ocr_line' id='line_1_1' title="bbox 128 39 785 96; baseline -0.015 -8"><span class='ocrx_word' id='word_1_1' title='bbox 128 39 179 88; x_wconf 83' lang='lat'>218</span> <span class='ocrx_word' id='word_1_2' title='bbox 274 39 307 83; x_wconf 89' lang='grc' dir='ltr'>Τ.</span> <span class='ocrx_word' id='word_1_3' title='bbox 327 39 370 81; x_wconf 63' lang='lat'>111</span> <span class='ocrx_word' id='word_1_4' title='bbox 381 39 399 82; x_wconf 89' lang='lat' dir='ltr'>V</span> <span class='ocrx_word' id='word_1_5' title='bbox 410 39 438 80; x_wconf 92' lang='lat' dir='ltr'>ll</span> <span class='ocrx_word' id='word_1_6' title='bbox 458 39 498 96; x_wconf 66' lang='lat' dir='ltr'>lU·</span> <span class='ocrx_word' id='word_1_7' title='bbox 513 39 542 81; x_wconf 68' lang='lat' dir='ltr'>d.</span> <span class='ocrx_word' id='word_1_8' title='bbox 555 39 614 82; x_wconf 68' lang='lat'>555.</span> <span class='ocrx_word' id='word_1_9' title='bbox 633 39 663 80; x_wconf 77' lang='lat' dir='ltr'>A.</span> <span class='ocrx_word' id='word_1_10' title='bbox 675 39 703 78; x_wconf 68' lang='lat' dir='ltr'>ti.</span> <span class='ocrx_word' id='word_1_11' title='bbox 719 39 785 95; x_wconf 52' lang='lat'>1094</span> 
     </span>
    </p>
   </div>
   <div class='ocr_carea' id='block_1_2' title="bbox 126 134 849 409">
    <p class='ocr_par' dir='ltr' id='par_1_2' title="bbox 126 134 849 409">
     <span class='ocr_line' id='line_1_2' title="bbox 129 134 849 203; baseline -0.006 -13"><span class='ocrx_word' id='word_1_12' title='bbox 129 137 329 196; x_wconf 89' lang='lat' dir='ltr'>cumtuleruut,</span> <span class='ocrx_word' id='word_1_13' title='bbox 351 135 390 185; x_wconf 81' lang='lat' dir='ltr'>Ne</span> <span class='ocrx_word' id='word_1_14' title='bbox 403 135 461 202; x_wconf 80' lang='lat' dir='ltr'>quia</span> <span class='ocrx_word' id='word_1_15' title='bbox 473 137 554 184; x_wconf 85' lang='lat' dir='ltr'>ullam</span> <span class='ocrx_word' id='word_1_16' title='bbox 565 151 619 183; x_wconf 83' lang='lat' dir='ltr'>rem</span> <span class='ocrx_word' id='word_1_17' title='bbox 633 134 767 184; x_wconf 75' lang='lat' dir='ltr'>labellum</span> <span class='ocrx_word' id='word_1_18' title='bbox 783 150 849 203; x_wconf 78' lang='lat' dir='ltr'>neug</span> 
     </span>
     <span class='ocr_line' id='line_1_3' title="bbox 129 204 849 273; baseline -0.007 -13"><span class='ocrx_word' id='word_1_19' title='bbox 129 204 338 260; x_wconf 80' lang='lat' dir='ltr'>tibusRomanis</span> <span class='ocrx_word' id='word_1_20' title='bbox 354 205 504 273; x_wconf 85' lang='lat' dir='ltr'>conferret,</span> <span class='ocrx_word' id='word_1_21' title='bbox 522 205 803 271; x_wconf 79' lang='lat' dir='ltr'>praeterquamquod</span> <span class='ocrx_word' id='word_1_22' title='bbox 820 220 849 256; x_wconf 85' lang='lat' dir='ltr'>se</span> 
     </span>
     <span class='ocr_line' id='line_1_4' title="bbox 130 273 842 339; baseline -0.006 -9"><span class='ocrx_word' id='word_1_23' title='bbox 130 275 285 330; x_wconf 81' lang='lat' dir='ltr'>censuisset.</span> <span class='ocrx_word' id='word_1_24' title='bbox 321 274 385 324; x_wconf 90' lang='lat' dir='ltr'>Hoc</span> <span class='ocrx_word' id='word_1_25' title='bbox 397 273 527 322; x_wconf 83' lang='lat' dir='ltr'>fiduciam</span> <span class='ocrx_word' id='word_1_26' title='bbox 537 273 564 323; x_wconf 91' lang='lat' dir='ltr'>in</span> <span class='ocrx_word' id='word_1_27' title='bbox 577 279 721 338; x_wconf 88' lang='lat' dir='ltr'>posterum</span> <span class='ocrx_word' id='word_1_28' title='bbox 732 287 842 339; x_wconf 87' lang='lat' dir='ltr'>quoque</span> 
     </span>
     <span class='ocr_line' id='line_1_5' title="bbox 126 342 849 409; baseline -0.008 -12"><span class='ocrx_word' id='word_1_29' title='bbox 126 349 226 398; x_wconf 88' lang='lat' dir='ltr'>buerat</span> <span class='ocrx_word' id='word_1_30' title='bbox 232 381 240 406; x_wconf 94' lang='lat'>,</span> <span class='ocrx_word' id='word_1_31' title='bbox 250 345 358 396; x_wconf 82' lang='lat' dir='ltr'>levatos</span> <span class='ocrx_word' id='word_1_32' title='bbox 368 357 398 392; x_wconf 90' lang='lat' dir='ltr'>se</span> <span class='ocrx_word' id='word_1_33' title='bbox 411 342 594 407; x_wconf 86' lang='lat' dir='ltr'>oneribusque</span> <span class='ocrx_word' id='word_1_34' title='bbox 604 344 804 408; x_wconf 82' lang='lat' dir='ltr'>impensisque,</span> <span class='ocrx_word' id='word_1_35' title='bbox 825 358 849 409; x_wconf 81' lang='lat' dir='ltr'>qr</span> 
     </span>
    </p>
   </div>
   <div class='ocr_carea' id='block_1_3' title="bbox 30 396 849 622">
    <p class='ocr_par' dir='ltr' id='par_1_3' title="bbox 30 396 849 622">
     <span class='ocr_line' id='line_1_6' title="bbox 30 396 849 492; baseline -0.002 -26"><span class='ocrx_word' id='word_1_36' title='bbox 30 396 32 419; x_wconf 89' lang='grc'><strong>’</strong></span> <span class='ocrx_word' id='word_1_37' title='bbox 127 415 185 467; x_wconf 86' lang='lat' dir='ltr'>alia</span> <span class='ocrx_word' id='word_1_38' title='bbox 207 415 272 465; x_wconf 86' lang='lat' dir='ltr'>aliis</span> <span class='ocrx_word' id='word_1_39' title='bbox 291 412 508 492; x_wconf 80' lang='lat' dir='ltr'>imperantibus,</span> <span class='ocrx_word' id='word_1_40' title='bbox 528 409 774 464; x_wconf 81' lang='lat' dir='ltr'>exhauriebantur.</span> <span class='ocrx_word' id='word_1_41' title='bbox 810 414 849 464; x_wconf 78' lang='lat' dir='ltr'>Ac</span> 
     </span>
     <span class='ocr_line' id='line_1_7' title="bbox 30 478 849 549; baseline -0.004 -13"><span class='ocrx_word' id='word_1_42' title='bbox 30 478 32 549; x_wconf 56' lang='grc' dir='ltr'>ἶ</span> <span class='ocrx_word' id='word_1_43' title='bbox 129 485 248 536; x_wconf 91' lang='lat' dir='ltr'>concilio</span> <span class='ocrx_word' id='word_1_44' title='bbox 268 481 349 548; x_wconf 86' lang='lat' dir='ltr'>Aegii</span> <span class='ocrx_word' id='word_1_45' title='bbox 371 481 496 546; x_wconf 84' lang='lat' dir='ltr'>agitato,</span> <span class='ocrx_word' id='word_1_46' title='bbox 528 481 647 548; x_wconf 84' lang='lat' dir='ltr'>benigne</span> <span class='ocrx_word' id='word_1_47' title='bbox 669 482 759 533; x_wconf 89' lang='lat' dir='ltr'>locuti</span> <span class='ocrx_word' id='word_1_48' title='bbox 780 481 849 533; x_wconf 88' lang='lat' dir='ltr'>audi</span> 
     </span>
     <span class='ocr_line' id='line_1_8' title="bbox 30 550 849 622; baseline 0.009 -25"><span class='ocrx_word' id='word_1_49' title='bbox 30 588 32 597; x_wconf 94' lang='lat'><em>.</em></span> <span class='ocrx_word' id='word_1_50' title='bbox 128 554 301 622; x_wconf 82' lang='lat' dir='ltr'>egregiaspe</span> <span class='ocrx_word' id='word_1_51' title='bbox 312 550 399 601; x_wconf 87' lang='lat' dir='ltr'>futuri</span> <span class='ocrx_word' id='word_1_52' title='bbox 415 556 506 602; x_wconf 88' lang='lat' dir='ltr'>status</span> <span class='ocrx_word' id='word_1_53' title='bbox 522 551 658 603; x_wconf 84' lang='lat' dir='ltr'>fidissima</span> <span class='ocrx_word' id='word_1_54' title='bbox 673 559 755 619; x_wconf 79' lang='lat' dir='ltr'>gente</span> <span class='ocrx_word' id='word_1_55' title='bbox 771 551 849 604; x_wconf 88' lang='lat' dir='ltr'>reliet</span> 
     </span>
    </p>
   </div>
   <div class='ocr_carea' id='block_1_4' title="bbox 126 620 849 702">
    <p class='ocr_par' dir='ltr' id='par_1_4' title="bbox 126 620 849 702">
     <span class='ocr_line' id='line_1_9' title="bbox 126 620 849 702; baseline -0.008 -26"><span class='ocrx_word' id='word_1_56' title='bbox 126 623 265 676; x_wconf 81' lang='lat' dir='ltr'>Aetoliam</span> <span class='ocrx_word' id='word_1_57' title='bbox 275 621 455 672; x_wconf 79' lang='lat' dir='ltr'>traiecerunt</span> <span class='ocrx_word' id='word_1_58' title='bbox 491 621 535 672; x_wconf 90' lang='lat' dir='ltr'>lbi</span> <span class='ocrx_word' id='word_1_59' title='bbox 553 620 675 671; x_wconf 92' lang='lat' dir='ltr'>nondum</span> <span class='ocrx_word' id='word_1_60' title='bbox 696 621 807 702; x_wconf 78' lang='lat' dir='ltr'>quidem</span> <span class='ocrx_word' id='word_1_61' title='bbox 829 637 849 672; x_wconf 66' lang='lat' dir='ltr'>s«</span> 
     </span>
    </p>
   </div>
   <div class='ocr_carea' id='block_1_5' title="bbox 30 690 844 757">
    <p class='ocr_par' dir='ltr' id='par_1_5' title="bbox 30 690 844 757">
     <span class='ocr_line' id='line_1_10' title="bbox 30 690 844 757; baseline -0.005 -11"><span class='ocrx_word' id='word_1_62' title='bbox 30 716 32 721; x_wconf 96' lang='lat'>·</span> <span class='ocrx_word' id='word_1_63' title='bbox 127 699 202 754; x_wconf 86' lang='lat' dir='ltr'>erat,</span> <span class='ocrx_word' id='word_1_64' title='bbox 223 690 273 743; x_wconf 91' lang='lat' dir='ltr'>sed</span> <span class='ocrx_word' id='word_1_65' title='bbox 289 691 382 742; x_wconf 90' lang='lat' dir='ltr'>omnia</span> <span class='ocrx_word' id='word_1_66' title='bbox 398 696 539 757; x_wconf 88' lang='lat' dir='ltr'>suspecta,</span> <span class='ocrx_word' id='word_1_67' title='bbox 560 691 844 756; x_wconf 83' lang='lat' dir='ltr'>criminumqueinter</span> 
     </span>
    </p>
   </div>
   <div class='ocr_carea' id='block_1_6' title="bbox 126 760 850 845">
    <p class='ocr_par' dir='ltr' id='par_1_6' title="bbox 126 760 850 845">
     <span class='ocr_line' id='line_1_11' title="bbox 126 760 850 845; baseline -0.001 -32"><span class='ocrx_word' id='word_1_68' title='bbox 126 762 217 845; x_wconf 88' lang='lat' dir='ltr'>plena.</span> <span class='ocrx_word' id='word_1_69' title='bbox 243 761 285 813; x_wconf 91' lang='lat' dir='ltr'>0b</span> <span class='ocrx_word' id='word_1_70' title='bbox 298 777 368 828; x_wconf 90' lang='lat' dir='ltr'>quae</span> <span class='ocrx_word' id='word_1_71' title='bbox 381 761 523 811; x_wconf 89' lang='lat' dir='ltr'>obsidibus</span> <span class='ocrx_word' id='word_1_72' title='bbox 535 761 694 826; x_wconf 88' lang='lat' dir='ltr'>postulatis,</span> <span class='ocrx_word' id='word_1_73' title='bbox 705 777 793 829; x_wconf 88' lang='lat' dir='ltr'>neque</span> <span class='ocrx_word' id='word_1_74' title='bbox 805 760 850 812; x_wconf 83' lang='lat' dir='ltr'>exi</span> 
     </span>
    </p>
   </div>
   <div class='ocr_carea' id='block_1_7' title="bbox 30 830 840 898">
    <p class='ocr_par' dir='ltr' id='par_1_7' title="bbox 30 830 840 898">
     <span class='ocr_line' id='line_1_12' title="bbox 30 830 840 898; baseline -0.004 -14"><span class='ocrx_word' id='word_1_75' title='bbox 30 840 32 865; x_wconf 70' lang='lat'><em>²</em></span> <span class='ocrx_word' id='word_1_76' title='bbox 125 831 274 898; x_wconf 88' lang='lat' dir='ltr'>imposito,</span> <span class='ocrx_word' id='word_1_77' title='bbox 295 847 322 880; x_wconf 90' lang='grc' dir='ltr'>ιιι</span> <span class='ocrx_word' id='word_1_78' title='bbox 333 830 516 882; x_wconf 78' lang='lat' dir='ltr'>Acarnaniam</span> <span class='ocrx_word' id='word_1_79' title='bbox 527 830 590 881; x_wconf 81' lang='lat' dir='ltr'>inde</span> <span class='ocrx_word' id='word_1_80' title='bbox 608 830 727 896; x_wconf 87' lang='lat' dir='ltr'>profecti</span> <span class='ocrx_word' id='word_1_81' title='bbox 750 831 840 897; x_wconf 83' lang='lat' dir='ltr'>legati</span> 
     </span>
    </p>
   </div>
   <div class='ocr_carea' id='block_1_8' title="bbox 1 2424 40 2563">
    <p class='ocr_par' dir='ltr' id='par_1_8' title="bbox 1 2407 40 2563">
     <span class='ocr_line' id='line_1_13' title="bbox 1 2424 40 2563; baseline 0 -30"><span class='ocrx_word' id='word_1_82' title='bbox 1 2424 40 2563; x_wconf 88' lang='grc'><strong>3</strong></span> 
     </span>
    </p>
   </div>
   <div class='ocr_carea' id='block_1_9' title="bbox 5 2528 849 2649">
    <p class='ocr_par' dir='ltr' id='par_1_9' title="bbox 5 2528 849 2649">
     <span class='ocr_line' id='line_1_14' title="bbox 5 2528 849 2649; baseline -0.014 -19"><span class='ocrx_word' id='word_1_83' title='bbox 5 2528 25 2589; x_wconf 48' lang='grc' dir='ltr'>ξ’</span> <span class='ocrx_word' id='word_1_84' title='bbox 104 2575 211 2628; x_wconf 74' lang='lat' dir='ltr'>bium·</span> <span class='ocrx_word' id='word_1_85' title='bbox 200 2594 228 2629; x_wconf 91' lang='lat' dir='ltr'>m</span> <span class='ocrx_word' id='word_1_86' title='bbox 239 2577 418 2633; x_wconf 85' lang='lat' dir='ltr'>societatem</span> <span class='ocrx_word' id='word_1_87' title='bbox 430 2573 534 2649; x_wconf 85' lang='lat' dir='ltr'>pellici</span> <span class='ocrx_word' id='word_1_88' title='bbox 544 2586 713 2643; x_wconf 58' lang='lat' dir='ltr'>possemus</span> <span class='ocrx_word' id='word_1_89' title='bbox 722 2568 849 2617; x_wconf 67' lang='lat' dir='ltr'>decanis</span> 
     </span>
    </p>
   </div>
   <div class='ocr_carea' id='block_1_10' title="bbox 124 900 850 1596">
    <p class='ocr_par' dir='ltr' id='par_1_10' title="bbox 124 900 850 1596">
     <span class='ocr_line' id='line_1_15' title="bbox 125 900 849 969; baseline -0.004 -16"><span class='ocrx_word' id='word_1_90' title='bbox 125 900 229 969; x_wconf 83' lang='lat' dir='ltr'>Thyrii</span> <span class='ocrx_word' id='word_1_91' title='bbox 252 900 402 952; x_wconf 88' lang='lat' dir='ltr'>concilium</span> <span class='ocrx_word' id='word_1_92' title='bbox 422 901 469 968; x_wconf 85' lang='lat' dir='ltr'>leg</span> <span class='ocrx_word' id='word_1_93' title='bbox 452 901 524 950; x_wconf 65' lang='lat' dir='ltr'>vatis</span> <span class='ocrx_word' id='word_1_94' title='bbox 536 902 693 952; x_wconf 78' lang='lat' dir='ltr'>Acarnanes</span> <span class='ocrx_word' id='word_1_95' title='bbox 709 900 849 952; x_wconf 88' lang='lat' dir='ltr'>dederunt</span> 
     </span>
     <span class='ocr_line' id='line_1_16' title="bbox 126 970 849 1054; baseline -0.001 -31"><span class='ocrx_word' id='word_1_96' title='bbox 126 985 236 1040; x_wconf 87' lang='lat' dir='ltr'>quoque</span> <span class='ocrx_word' id='word_1_97' title='bbox 246 971 321 1023; x_wconf 89' lang='lat' dir='ltr'>inter</span> <span class='ocrx_word' id='word_1_98' title='bbox 332 971 468 1022; x_wconf 86' lang='lat' dir='ltr'>factiones</span> <span class='ocrx_word' id='word_1_99' title='bbox 480 976 542 1022; x_wconf 90' lang='lat' dir='ltr'>crat</span> <span class='ocrx_word' id='word_1_100' title='bbox 554 977 703 1022; x_wconf 88' lang='lat' dir='ltr'>certamen.</span> <span class='ocrx_word' id='word_1_101' title='bbox 727 970 849 1054; x_wconf 74' lang='lat' dir='ltr'>Quidam</span> 
     </span>
     <span class='ocr_line' id='line_1_17' title="bbox 127 1038 849 1110; baseline -0.004 -16"><span class='ocrx_word' id='word_1_102' title='bbox 127 1042 219 1110; x_wconf 91' lang='lat' dir='ltr'>cipum</span> <span class='ocrx_word' id='word_1_103' title='bbox 231 1042 389 1109; x_wconf 90' lang='lat' dir='ltr'>postulare,</span> <span class='ocrx_word' id='word_1_104' title='bbox 410 1048 442 1091; x_wconf 91' lang='lat' dir='ltr'>ut</span> <span class='ocrx_word' id='word_1_105' title='bbox 451 1038 630 1106; x_wconf 76' lang='lat' dir='ltr'>praearduam</span> <span class='ocrx_word' id='word_1_106' title='bbox 645 1042 729 1091; x_wconf 88' lang='lat' dir='ltr'>urbes</span> <span class='ocrx_word' id='word_1_107' title='bbox 744 1056 809 1091; x_wconf 87' lang='lat' dir='ltr'>suas</span> <span class='ocrx_word' id='word_1_108' title='bbox 822 1041 849 1091; x_wconf 89' lang='lat' dir='ltr'>in</span> 
     </span>
     <span class='ocr_line' id='line_1_18' title="bbox 125 1106 849 1176; baseline -0.004 -11"><span class='ocrx_word' id='word_1_109' title='bbox 125 1119 225 1165; x_wconf 88' lang='lat' dir='ltr'>rentur</span> <span class='ocrx_word' id='word_1_110' title='bbox 236 1111 369 1162; x_wconf 87' lang='lat' dir='ltr'>adversus</span> <span class='ocrx_word' id='word_1_111' title='bbox 380 1111 530 1162; x_wconf 77' lang='lat' dir='ltr'>amentiam</span> <span class='ocrx_word' id='word_1_112' title='bbox 542 1125 646 1172; x_wconf 91' lang='lat' dir='ltr'>eorum,</span> <span class='ocrx_word' id='word_1_113' title='bbox 659 1125 706 1176; x_wconf 84' lang='lat' dir='ltr'>qur</span> <span class='ocrx_word' id='word_1_114' title='bbox 698 1109 752 1160; x_wconf 90' lang='lat' dir='ltr'>ad</span> <span class='ocrx_word' id='word_1_115' title='bbox 763 1106 849 1162; x_wconf 83' lang='lat' dir='ltr'>Maca</span> 
     </span>
     <span class='ocr_line' id='line_1_19' title="bbox 127 1179 847 1248; baseline -0.004 -14"><span class='ocrx_word' id='word_1_116' title='bbox 127 1189 238 1248; x_wconf 84' lang='lat' dir='ltr'>gentem</span> <span class='ocrx_word' id='word_1_117' title='bbox 249 1179 408 1234; x_wconf 87' lang='lat' dir='ltr'>trahebant·</span> <span class='ocrx_word' id='word_1_118' title='bbox 430 1195 494 1245; x_wconf 86' lang='lat' dir='ltr'>pars</span> <span class='ocrx_word' id='word_1_119' title='bbox 506 1193 644 1241; x_wconf 86' lang='lat' dir='ltr'>recusare,</span> <span class='ocrx_word' id='word_1_120' title='bbox 654 1194 703 1242; x_wconf 91' lang='lat' dir='ltr'>ne,</span> <span class='ocrx_word' id='word_1_121' title='bbox 717 1179 790 1245; x_wconf 90' lang='lat' dir='ltr'>quod</span> <span class='ocrx_word' id='word_1_122' title='bbox 800 1180 847 1231; x_wconf 87' lang='lat' dir='ltr'>bel</span> 
     </span>
     <span class='ocr_line' id='line_1_20' title="bbox 125 1248 849 1318; baseline 0 -17"><span class='ocrx_word' id='word_1_123' title='bbox 125 1252 182 1318; x_wconf 90' lang='lat' dir='ltr'>ptis</span> <span class='ocrx_word' id='word_1_124' title='bbox 195 1257 224 1302; x_wconf 88' lang='lat' dir='ltr'>et</span> <span class='ocrx_word' id='word_1_125' title='bbox 234 1248 361 1300; x_wconf 84' lang='lat' dir='ltr'>hostibus</span> <span class='ocrx_word' id='word_1_126' title='bbox 372 1263 432 1299; x_wconf 90' lang='lat' dir='ltr'>mos</span> <span class='ocrx_word' id='word_1_127' title='bbox 444 1254 530 1311; x_wconf 89' lang='lat' dir='ltr'>esset,</span> <span class='ocrx_word' id='word_1_128' title='bbox 553 1248 582 1300; x_wconf 92' lang='lat' dir='ltr'>id</span> <span class='ocrx_word' id='word_1_129' title='bbox 593 1256 710 1315; x_wconf 85' lang='lat' dir='ltr'>pacatae</span> <span class='ocrx_word' id='word_1_130' title='bbox 722 1256 750 1300; x_wconf 92' lang='lat' dir='ltr'>et</span> <span class='ocrx_word' id='word_1_131' title='bbox 760 1250 849 1301; x_wconf 80' lang='lat' dir='ltr'>sociae</span> 
     </span>
     <span class='ocr_line' id='line_1_21' title="bbox 124 1319 850 1387; baseline -0.003 -15"><span class='ocrx_word' id='word_1_132' title='bbox 124 1325 201 1372; x_wconf 86' lang='lat' dir='ltr'>tates</span> <span class='ocrx_word' id='word_1_133' title='bbox 214 1319 382 1387; x_wconf 83' lang='lat' dir='ltr'>ignominiae</span> <span class='ocrx_word' id='word_1_134' title='bbox 394 1319 563 1383; x_wconf 85' lang='lat' dir='ltr'>acciperent.</span> <span class='ocrx_word' id='word_1_135' title='bbox 599 1319 676 1370; x_wconf 88' lang='lat' dir='ltr'>iusta</span> <span class='ocrx_word' id='word_1_136' title='bbox 689 1319 850 1385; x_wconf 77' lang='lat' dir='ltr'>deprecatio</span> 
     </span>
     <span class='ocr_line' id='line_1_22' title="bbox 124 1387 849 1455; baseline -0.008 -14"><span class='ocrx_word' id='word_1_137' title='bbox 124 1389 193 1441; x_wconf 80' lang='lat' dir='ltr'>visa.</span> <span class='ocrx_word' id='word_1_138' title='bbox 230 1389 373 1439; x_wconf 84' lang='lat' dir='ltr'>Larissam</span> <span class='ocrx_word' id='word_1_139' title='bbox 394 1387 429 1438; x_wconf 91' lang='lat' dir='ltr'>ad</span> <span class='ocrx_word' id='word_1_140' title='bbox 439 1389 594 1439; x_wconf 86' lang='lat' dir='ltr'>Hostilium</span> <span class='ocrx_word' id='word_1_141' title='bbox 615 1389 811 1455; x_wconf 87' lang='lat' dir='ltr'>proconsulem</span> <span class='ocrx_word' id='word_1_142' title='bbox 834 1392 849 1452; x_wconf 42' lang='lat'>(1</span> 
     </span>
     <span class='ocr_line' id='line_1_23' title="bbox 126 1458 848 1526; baseline -0.001 -16"><span class='ocrx_word' id='word_1_143' title='bbox 126 1459 201 1510; x_wconf 91' lang='lat' dir='ltr'>enim</span> <span class='ocrx_word' id='word_1_144' title='bbox 212 1459 290 1508; x_wconf 88' lang='lat' dir='ltr'>missi</span> <span class='ocrx_word' id='word_1_145' title='bbox 301 1461 390 1521; x_wconf 88' lang='lat' dir='ltr'>erant)</span> <span class='ocrx_word' id='word_1_146' title='bbox 407 1458 496 1526; x_wconf 78' lang='lat' dir='ltr'>legati</span> <span class='ocrx_word' id='word_1_147' title='bbox 510 1459 664 1510; x_wconf 89' lang='lat' dir='ltr'>redierunt.</span> <span class='ocrx_word' id='word_1_148' title='bbox 701 1459 848 1510; x_wconf 86' lang='lat' dir='ltr'>Octavium</span> 
     </span>
     <span class='ocr_line' id='line_1_24' title="bbox 125 1527 848 1596; baseline 0 -18"><span class='ocrx_word' id='word_1_149' title='bbox 125 1529 188 1579; x_wconf 89' lang='lat' dir='ltr'>nuit</span> <span class='ocrx_word' id='word_1_150' title='bbox 199 1545 301 1581; x_wconf 88' lang='lat' dir='ltr'>secum.</span> <span class='ocrx_word' id='word_1_151' title='bbox 339 1529 489 1596; x_wconf 78' lang='lat' dir='ltr'>Popillium</span> <span class='ocrx_word' id='word_1_152' title='bbox 508 1545 570 1580; x_wconf 92' lang='lat' dir='ltr'>cum</span> <span class='ocrx_word' id='word_1_153' title='bbox 590 1529 668 1584; x_wconf 89' lang='lat' dir='ltr'>mille</span> <span class='ocrx_word' id='word_1_154' title='bbox 688 1528 776 1581; x_wconf 84' lang='lat' dir='ltr'>ferme</span> <span class='ocrx_word' id='word_1_155' title='bbox 797 1527 848 1579; x_wconf 93' lang='lat' dir='ltr'>mil</span> 
     </span>
    </p>
   </div>
   <div class='ocr_carea' id='block_1_11' title="bbox 21 1596 568 1652">
    <p class='ocr_par' dir='ltr' id='par_1_11' title="bbox 14 1591 568 1670">
     <span class='ocr_line' id='line_1_25' title="bbox 21 1596 568 1652; baseline 0.005 -3.962"><span class='ocrx_word' id='word_1_156' title='bbox 21 1596 30 1646; x_wconf 91' lang='grc'>1</span> <span class='ocrx_word' id='word_1_157' title='bbox 124 1601 154 1649; x_wconf 92' lang='lat' dir='ltr'>in</span> <span class='ocrx_word' id='word_1_158' title='bbox 166 1597 283 1652; x_wconf 86' lang='lat' dir='ltr'>hiberna</span> <span class='ocrx_word' id='word_1_159' title='bbox 294 1600 469 1651; x_wconf 76' lang='lat' dir='ltr'>Ambraciam</span> <span class='ocrx_word' id='word_1_160' title='bbox 482 1601 568 1651; x_wconf 88' lang='lat' dir='ltr'>misit.</span> 
     </span>
    </p>
   </div>
   <div class='ocr_carea' id='block_1_12' title="bbox 125 1668 849 1873">
    <p class='ocr_par' dir='ltr' id='par_1_12' title="bbox 125 1668 849 1873">
     <span class='ocr_line' id='line_1_26' title="bbox 178 1668 849 1736; baseline -0.004 -14"><span class='ocrx_word' id='word_1_161' title='bbox 178 1670 279 1722; x_wconf 88' lang='lat' dir='ltr'>XVlll.</span> <span class='ocrx_word' id='word_1_162' title='bbox 299 1669 376 1736; x_wconf 81' lang='lat'>[20.]</span> <span class='ocrx_word' id='word_1_163' title='bbox 396 1670 526 1732; x_wconf 88' lang='lat' dir='ltr'>Perseus,</span> <span class='ocrx_word' id='word_1_164' title='bbox 556 1670 695 1735; x_wconf 89' lang='lat' dir='ltr'>principio</span> <span class='ocrx_word' id='word_1_165' title='bbox 716 1668 817 1719; x_wconf 86' lang='lat' dir='ltr'>hiemis</span> <span class='ocrx_word' id='word_1_166' title='bbox 839 1683 849 1719; x_wconf 82' lang='grc' dir='ltr'>ε</span> 
     </span>
     <span class='ocr_line' id='line_1_27' title="bbox 125 1738 848 1803; baseline -0.004 -13"><span class='ocrx_word' id='word_1_167' title='bbox 125 1739 309 1792; x_wconf 86' lang='lat' dir='ltr'>Macedoniae</span> <span class='ocrx_word' id='word_1_168' title='bbox 319 1741 420 1790; x_wconf 84' lang='lat' dir='ltr'>linibus</span> <span class='ocrx_word' id='word_1_169' title='bbox 431 1755 485 1789; x_wconf 94' lang='lat' dir='ltr'>non</span> <span class='ocrx_word' id='word_1_170' title='bbox 496 1754 589 1799; x_wconf 89' lang='lat' dir='ltr'>ausus,</span> <span class='ocrx_word' id='word_1_171' title='bbox 612 1754 645 1789; x_wconf 90' lang='lat' dir='ltr'>ne</span> <span class='ocrx_word' id='word_1_172' title='bbox 657 1753 710 1803; x_wconf 89' lang='lat' dir='ltr'>qua</span> <span class='ocrx_word' id='word_1_173' title='bbox 721 1738 748 1785; x_wconf 92' lang='lat' dir='ltr'>in</span> <span class='ocrx_word' id='word_1_174' title='bbox 760 1753 848 1802; x_wconf 86' lang='lat' dir='ltr'>regnu</span> 
     </span>
     <span class='ocr_line' id='line_1_28' title="bbox 126 1807 849 1873; baseline -0.007 -13"><span class='ocrx_word' id='word_1_175' title='bbox 126 1825 208 1860; x_wconf 90' lang='lat' dir='ltr'>cuum</span> <span class='ocrx_word' id='word_1_176' title='bbox 229 1810 415 1873; x_wconf 88' lang='lat' dir='ltr'>irrumperent</span> <span class='ocrx_word' id='word_1_177' title='bbox 436 1807 567 1867; x_wconf 86' lang='lat' dir='ltr'>Romani,</span> <span class='ocrx_word' id='word_1_178' title='bbox 599 1808 650 1856; x_wconf 92' lang='lat' dir='ltr'>sub</span> <span class='ocrx_word' id='word_1_179' title='bbox 671 1814 781 1868; x_wconf 90' lang='lat' dir='ltr'>tempus</span> <span class='ocrx_word' id='word_1_180' title='bbox 808 1808 849 1855; x_wconf 75' lang='lat' dir='ltr'>brt</span> 
     </span>
    </p>
   </div>
   <div class='ocr_carea' id='block_1_13' title="bbox 0 1873 847 1956">
    <p class='ocr_par' dir='ltr' id='par_1_13' title="bbox 0 1873 847 1956">
     <span class='ocr_line' id='line_1_29' title="bbox 0 1873 847 1956; baseline -0.006 -28"><span class='ocrx_word' id='word_1_181' title='bbox 0 1884 1 1890; x_wconf 77' lang='grc'><strong>’</strong></span> <span class='ocrx_word' id='word_1_182' title='bbox 13 1905 30 1956; x_wconf 33' lang='lat' dir='ltr'>s,</span> <span class='ocrx_word' id='word_1_183' title='bbox 126 1894 208 1946; x_wconf 90' lang='lat' dir='ltr'>quum</span> <span class='ocrx_word' id='word_1_184' title='bbox 219 1876 457 1955; x_wconf 83' lang='lat' dir='ltr'>inexsuperabiles</span> <span class='ocrx_word' id='word_1_185' title='bbox 469 1878 503 1926; x_wconf 87' lang='lat' dir='ltr'>ab</span> <span class='ocrx_word' id='word_1_186' title='bbox 510 1873 658 1924; x_wconf 87' lang='lat' dir='ltr'>Thessalia</span> <span class='ocrx_word' id='word_1_187' title='bbox 668 1879 776 1924; x_wconf 91' lang='lat' dir='ltr'>montes</span> <span class='ocrx_word' id='word_1_188' title='bbox 788 1873 847 1923; x_wconf 88' lang='lat' dir='ltr'>nivi</span> 
     </span>
    </p>
   </div>
   <div class='ocr_carea' id='block_1_14' title="bbox 114 1942 850 2574">
    <p class='ocr_par' dir='ltr' id='par_1_14' title="bbox 114 1942 850 2569">
     <span class='ocr_line' id='line_1_30' title="bbox 125 1942 849 2009; baseline -0.004 -12"><span class='ocrx_word' id='word_1_189' title='bbox 125 1947 193 1997; x_wconf 90' lang='lat' dir='ltr'>tudo</span> <span class='ocrx_word' id='word_1_190' title='bbox 205 1946 281 2008; x_wconf 86' lang='lat' dir='ltr'>facit,</span> <span class='ocrx_word' id='word_1_191' title='bbox 294 1945 468 1996; x_wconf 87' lang='lat' dir='ltr'>occasionem</span> <span class='ocrx_word' id='word_1_192' title='bbox 482 1959 541 1995; x_wconf 84' lang='lat' dir='ltr'>esse</span> <span class='ocrx_word' id='word_1_193' title='bbox 552 1949 630 1992; x_wconf 88' lang='lat' dir='ltr'>ratus</span> <span class='ocrx_word' id='word_1_194' title='bbox 641 1942 789 2009; x_wconf 85' lang='lat' dir='ltr'>frangendi</span> <span class='ocrx_word' id='word_1_195' title='bbox 801 1943 849 1994; x_wconf 89' lang='lat' dir='ltr'>lini</span> 
     </span>
     <span class='ocr_line' id='line_1_31' title="bbox 125 2011 848 2080; baseline -0.004 -13"><span class='ocrx_word' id='word_1_196' title='bbox 125 2032 187 2068; x_wconf 85' lang='lat' dir='ltr'>rum</span> <span class='ocrx_word' id='word_1_197' title='bbox 199 2030 260 2080; x_wconf 88' lang='lat' dir='ltr'>spes</span> <span class='ocrx_word' id='word_1_198' title='bbox 273 2014 446 2078; x_wconf 89' lang='lat' dir='ltr'>animosque,</span> <span class='ocrx_word' id='word_1_199' title='bbox 458 2028 492 2063; x_wconf 91' lang='lat' dir='ltr'>ne</span> <span class='ocrx_word' id='word_1_200' title='bbox 505 2011 579 2078; x_wconf 90' lang='lat' dir='ltr'>quid,</span> <span class='ocrx_word' id='word_1_201' title='bbox 585 2026 682 2063; x_wconf 74' lang='lat' dir='ltr'>auerso</span> <span class='ocrx_word' id='word_1_202' title='bbox 697 2029 727 2063; x_wconf 90' lang='lat' dir='ltr'>se</span> <span class='ocrx_word' id='word_1_203' title='bbox 738 2013 766 2062; x_wconf 92' lang='lat' dir='ltr'>in</span> <span class='ocrx_word' id='word_1_204' title='bbox 779 2013 848 2064; x_wconf 85' lang='lat' dir='ltr'>Rom</span> 
     </span>
     <span class='ocr_line' id='line_1_32' title="bbox 125 2081 849 2150; baseline -0.001 -14"><span class='ocrx_word' id='word_1_205' title='bbox 125 2085 239 2146; x_wconf 89' lang='lat' dir='ltr'>bellum,</span> <span class='ocrx_word' id='word_1_206' title='bbox 251 2082 367 2150; x_wconf 91' lang='lat' dir='ltr'>periculi</span> <span class='ocrx_word' id='word_1_207' title='bbox 379 2083 515 2142; x_wconf 88' lang='lat' dir='ltr'>subesset,</span> <span class='ocrx_word' id='word_1_208' title='bbox 527 2095 609 2147; x_wconf 88' lang='lat' dir='ltr'>quum</span> <span class='ocrx_word' id='word_1_209' title='bbox 622 2085 668 2133; x_wconf 79' lang='lat' dir='ltr'>al</span> <span class='ocrx_word' id='word_1_210' title='bbox 671 2081 766 2133; x_wconf 86' lang='lat' dir='ltr'>hracia</span> <span class='ocrx_word' id='word_1_211' title='bbox 777 2098 849 2149; x_wconf 88' lang='lat' dir='ltr'>pace</span> 
     </span>
     <span class='ocr_line' id='line_1_33' title="bbox 125 2150 849 2223; baseline 0 -18"><span class='ocrx_word' id='word_1_212' title='bbox 125 2162 186 2223; x_wconf 85' lang='lat' dir='ltr'>tys,</span> <span class='ocrx_word' id='word_1_213' title='bbox 207 2153 242 2204; x_wconf 91' lang='lat' dir='ltr'>ab</span> <span class='ocrx_word' id='word_1_214' title='bbox 253 2151 339 2217; x_wconf 90' lang='lat' dir='ltr'>Epiro</span> <span class='ocrx_word' id='word_1_215' title='bbox 351 2150 488 2216; x_wconf 87' lang='lat' dir='ltr'>Cephalus</span> <span class='ocrx_word' id='word_1_216' title='bbox 499 2150 646 2216; x_wconf 89' lang='lat' dir='ltr'>repentina</span> <span class='ocrx_word' id='word_1_217' title='bbox 657 2151 817 2204; x_wconf 84' lang='lat' dir='ltr'>defectione</span> <span class='ocrx_word' id='word_1_218' title='bbox 833 2169 849 2205; x_wconf 88' lang='lat' dir='ltr'>a</span> 
     </span>
     <span class='ocr_line' id='line_1_34' title="bbox 125 2221 849 2288; baseline 0 -13"><span class='ocrx_word' id='word_1_219' title='bbox 125 2225 214 2276; x_wconf 88' lang='lat' dir='ltr'>manis</span> <span class='ocrx_word' id='word_1_220' title='bbox 225 2226 415 2288; x_wconf 87' lang='lat' dir='ltr'>praestarent,</span> <span class='ocrx_word' id='word_1_221' title='bbox 436 2221 584 2272; x_wconf 86' lang='lat' dir='ltr'>Dardanos</span> <span class='ocrx_word' id='word_1_222' title='bbox 596 2236 692 2274; x_wconf 85' lang='lat' dir='ltr'>recens</span> <span class='ocrx_word' id='word_1_223' title='bbox 709 2223 849 2275; x_wconf 83' lang='lat' dir='ltr'>domuisse</span> 
     </span>
     <span class='ocr_line' id='line_1_35' title="bbox 125 2289 849 2358; baseline -0.007 -11"><span class='ocrx_word' id='word_1_224' title='bbox 125 2295 198 2356; x_wconf 92' lang='lat' dir='ltr'>lum,</span> <span class='ocrx_word' id='word_1_225' title='bbox 202 2292 292 2344; x_wconf 89' lang='lat' dir='ltr'>solum</span> <span class='ocrx_word' id='word_1_226' title='bbox 303 2289 437 2343; x_wconf 85' lang='lat' dir='ltr'>infestum</span> <span class='ocrx_word' id='word_1_227' title='bbox 449 2306 510 2343; x_wconf 90' lang='lat' dir='ltr'>esse</span> <span class='ocrx_word' id='word_1_228' title='bbox 521 2291 704 2344; x_wconf 87' lang='lat' dir='ltr'>Macedoniae</span> <span class='ocrx_word' id='word_1_229' title='bbox 715 2294 800 2354; x_wconf 84' lang='lat' dir='ltr'>latus,</span> <span class='ocrx_word' id='word_1_230' title='bbox 813 2308 849 2358; x_wconf 89' lang='lat' dir='ltr'>qu</span> 
     </span>
     <span class='ocr_line' id='line_1_36' title="bbox 124 2360 849 2432; baseline -0.008 -15"><span class='ocrx_word' id='word_1_231' title='bbox 124 2364 241 2432; x_wconf 90' lang='lat' dir='ltr'>lllyrico</span> <span class='ocrx_word' id='word_1_232' title='bbox 254 2367 377 2430; x_wconf 87' lang='lat' dir='ltr'>pateret,</span> <span class='ocrx_word' id='word_1_233' title='bbox 390 2376 513 2422; x_wconf 89' lang='lat' dir='ltr'>cernens,</span> <span class='ocrx_word' id='word_1_234' title='bbox 525 2375 614 2426; x_wconf 88' lang='lat' dir='ltr'>neque</span> <span class='ocrx_word' id='word_1_235' title='bbox 624 2364 693 2429; x_wconf 89' lang='lat' dir='ltr'>ipsis</span> <span class='ocrx_word' id='word_1_236' title='bbox 705 2362 806 2428; x_wconf 87' lang='lat' dir='ltr'>quietis</span> <span class='ocrx_word' id='word_1_237' title='bbox 817 2360 849 2412; x_wconf 93' lang='grc'>111</span> 
     </span>
     <span class='ocr_line' id='line_1_37' title="bbox 125 2430 850 2498; baseline -0.011 -11"><span class='ocrx_word' id='word_1_238' title='bbox 125 2441 154 2487; x_wconf 90' lang='lat' dir='ltr'>et</span> <span class='ocrx_word' id='word_1_239' title='bbox 163 2434 272 2486; x_wconf 85' lang='lat' dir='ltr'>aditum</span> <span class='ocrx_word' id='word_1_240' title='bbox 282 2431 481 2498; x_wconf 86' lang='lat' dir='ltr'>praebentibus</span> <span class='ocrx_word' id='word_1_241' title='bbox 493 2430 667 2494; x_wconf 85' lang='lat' dir='ltr'>Romanis,si</span> <span class='ocrx_word' id='word_1_242' title='bbox 677 2432 831 2483; x_wconf 78' lang='lat' dir='ltr'>domuisset</span> <span class='ocrx_word' id='word_1_243' title='bbox 841 2446 850 2497; x_wconf 80' lang='lat'>1</span> 
     </span>
     <span class='ocr_line' id='line_1_38' title="bbox 114 2500 849 2574; baseline -0.01 -20"><span class='ocrx_word' id='word_1_244' title='bbox 114 2520 180 2556; x_wconf 79' lang='lat' dir='ltr'>nros</span> <span class='ocrx_word' id='word_1_245' title='bbox 188 2505 249 2574; x_wconf 89' lang='grc'>111</span> <span class='ocrx_word' id='word_1_246' title='bbox 247 2503 358 2557; x_wconf 87' lang='lat' dir='ltr'>riorum</span> <span class='ocrx_word' id='word_1_247' title='bbox 367 2539 376 2569; x_wconf 96' lang='lat'>,</span> <span class='ocrx_word' id='word_1_248' title='bbox 389 2500 524 2557; x_wconf 87' lang='lat' dir='ltr'>Gentium</span> <span class='ocrx_word' id='word_1_249' title='bbox 534 2515 646 2569; x_wconf 64' lang='lat' dir='ltr'>quoqne</span> <span class='ocrx_word' id='word_1_250' title='bbox 653 2516 817 2566; x_wconf 60' lang='lat' dir='ltr'>repensam</span> <span class='ocrx_word' id='word_1_251' title='bbox 827 2500 849 2548; x_wconf 71' lang='lat' dir='ltr'>di</span> 
     </span>
    </p>
   </div>
   <div class='ocr_carea' id='block_1_15' title="bbox 0 0 934 2994">
    <p class='ocr_par' dir='ltr' id='par_1_15' title="bbox 0 0 934 2994">
     <span class='ocr_line' id='line_1_39' title="bbox 0 0 934 2994; baseline 0 0"><span class='ocrx_word' id='word_1_252' title='bbox 0 0 934 2994; x_wconf 95' lang='lat' dir='ltr'> </span> 
     </span>
    </p>
   </div>
  </div>
 </body>
</html>
