1860 2994
152 139 225 192 Lre.
234 139 320 192 XLll.
332 141 406 192 Car.
418 139 443 193 6.
457 139 501 208 [U.
508 138 537 189 C.
546 142 603 208 579.
612 141 682 193 A.C.
691 141 759 210 175]
813 140 864 207 105

59 247 280 315 Peloponnesum
291 246 412 308 traiecit,
422 260 475 312 quo
482 244 599 296 Achaeis
610 246 738 298 edixerat
748 262 864 298 conran-

58 325 128 371 tum.
164 316 228 378 Ubi,
239 315 400 369 collaudata
410 321 504 382 gente,
524 315 597 381 quod
610 322 769 367 constanter
784 323 864 368 vetus

58 389 202 441 decretum
214 385 248 438 de
260 386 386 438 arcendis
397 385 475 436 aditu
492 385 589 437 finium
609 388 722 452 regibus
733 387 865 437 Macedo·

58 472 123 509 uum
134 456 301 519 tenuissent,
322 456 431 522 insigne
443 454 575 507 adversus
587 454 691 507 Persea
703 457 797 507 odium
809 457 865 507 Ro-

58 542 202 579 manorum
212 524 292 579 fecit:
312 526 386 594 quod
397 530 429 577 ut
440 527 575 577 maturius
587 532 751 592 erumperet,
763 527 854 578 Eume

57 613 107 651 nes
117 612 181 659 rex,
192 596 421 649 commentarium
431 593 524 647 ferens
535 610 639 658 secum,
649 596 723 663 quod
735 595 770 649 de
781 610 864 663 appa·

58 666 167 723 ratibus
176 665 245 718 belli
255 666 349 718 omnia
358 664 498 732 inquirens
510 663 630 728 fecerat,
651 667 769 718 Romam
778 666 865 718 veuit.

59 736 114 789 Per
124 735 197 788 idem
209 742 318 802 tempus
331 735 450 803 quinque
460 734 548 802 legati
560 734 595 785 ad
606 749 700 803 regem
712 736 804 800 missi,
817 738 866 803 qui

58 821 104 859 res
115 806 146 857 in
155 804 324 858 Macedonia
335 806 499 871 aspicerent.
526 804 722 856 Alexandriam
733 805 817 858 iidem
828 807 866 857 ad

59 875 252 928 Ptolemaeum
274 873 452 927 renovandae
474 872 615 924 amicitiae
629 889 713 926 causa
724 876 867 942 proficisci

58 945 138 997 iussi.
176 945 280 1010 Legati
301 949 380 995 erant
400 942 438 1005 hi,
460 944 489 993 C.
500 941 644 1006 Valerius,
665 945 713 995 Cn.
733 944 866 996 Lutatius

59 1016 156 1075 Cerco,
167 1014 201 1074 Q.
211 1012 333 1063 Baebius
345 1011 437 1075 Sulca,
447 1011 487 1063 M.
501 1011 646 1063 Cornelius
654 1012 815 1077 Mammula,
825 1014 858 1064 M

60 1082 199 1137 Caecilius
212 1082 327 1132 Denter.
362 1082 399 1133 Et
420 1080 455 1132 ab
475 1079 613 1131 Antiocho
631 1096 698 1149 rege
719 1085 769 1134 sub
790 1083 868 1136 idem

59 1158 169 1220 tempus
181 1151 270 1218 legati
279 1156 423 1202 venerunt:
435 1164 552 1217 quorum
560 1151 868 1219 princepsdpollonius,

58 1223 89 1274 iu
100 1226 227 1276 senatum
236 1219 526 1282 introductus,multis
532 1220 669 1287 iustisque
676 1221 766 1273 causis
772 1236 867 1290 regem

60 1292 212 1353 excusavit,
218 1292 290 1357 quod
299 1290 463 1359 stipendium
474 1288 561 1342 serius
573 1307 654 1359 quam
664 1293 701 1342 ad
711 1290 779 1345 diem
787 1309 868 1361 prae·

57 1370 154 1416 ctaret.
189 1360 224 1413 ld
233 1378 261 1413 se
272 1377 346 1413 omne
358 1360 547 1424 edocuissem
558 1361 645 1427 cuius,
663 1361 718 1415 nisi
727 1361 867 1433 temporis,

55 1430 156 1505 gratia
172 1431 234 1500 regi
250 1430 338 1497 fieret.
372 1429 482 1485 Donum
498 1441 646 1499 praeterea
664 1430 780 1502 afferre,
799 1449 868 1486 oasa

40 1518 145 1556 -aurea
156 1500 330 1570 quingentum
347 1503 444 1570 pondo.
482 1501 583 1555 Petere
602 1512 707 1574 regem,
726 1513 772 1568 et,
797 1521 867 1575 petae

59 1589 119 1626 cum
127 1579 210 1640 patre
219 1588 265 1624 suo
276 1571 390 1623 societas
398 1580 481 1639 utque
489 1573 867 1644 amicitiafuirset,easeeum

58 1651 238 1695 renovaretur
249 1659 260 1703 ,·
285 1642 485 1709 imperaretque
507 1641 557 1692 ribi
580 1647 699 1711 populus
717 1643 868 1706 Romanus,

61 1712 209 1781 praedone
223 1711 356 1783 fidelique
370 1711 442 1762 socio
461 1711 523 1778 regi
545 1721 632 1764 essent
643 1712 820 1778 imperanda:
839 1729 868 1765 ce

61 1784 135 1837 nullo
146 1797 257 1847 usquam
268 1791 436 1836 cessaturum
447 1778 548 1846 officio.
584 1782 631 1835 Ea
640 1781 740 1833 merita
749 1781 779 1835 in
789 1798 817 1834 re
830 1799 869 1834 se·

60 1860 144 1906 natas
157 1851 258 1922 fuisse,
279 1868 360 1922 picum
370 1851 564 1912 Romaeearen
585 1868 645 1904 eum
656 1852 811 1904 comitatem
826 1851 868 1904 ia·

61 1923 188 1986 vertutis,
199 1932 231 1974 ut
239 1939 291 1992 pro
302 1939 374 1991 rege,
384 1939 437 1974 non
453 1937 507 1989 pro
518 1920 617 1985 obside,
637 1921 757 1975 omnibus
768 1924 869 1977 ordini-

61 1991 110 2044 dar
121 1991 223 2063 fiterit.
260 1992 687 2058 Legatishenigneresponsum,
708 1999 737 2045 et
747 1995 867 2046 societa-

59 2067 118 2129 tem
129 2075 264 2113 renovare
275 2060 486 2124 cu'mAntiocho,
494 2076 564 2127 quae
576 2078 635 2113 cum
648 2063 726 2129 pa'tre
739 2065 797 2116 eius
809 2065 867 2116 fue-

60 2136 119 2192 rat,
141 2132 172 2182 Α.
183 2130 285 2181 Atilius
297 2137 409 2196 praetor
422 2133 545 2182 urbanus
557 2133 658 2185 iussus.
695 2134 867 2195 Quaestores

60 2199 161 2252 urbani
171 2199 353 2269 stipendium,
375 2215 442 2250 vasa
451 2216 536 2251 aurea
546 2217 675 2255 censores
687 2211 868 2271 acceperunt:

60 2270 150 2337 iisque
160 2271 304 2336 negotium
316 2270 410 2320 datum
424 2275 475 2332 est,
485 2276 517 2320 ut
527 2279 663 2336 ponerent
673 2289 715 2335 ea,
725 2275 755 2324 iu
767 2274 868 2342 quibus

61 2340 175 2406 templis
185 2340 340 2391 videretur:
363 2340 515 2406 legatoque
526 2347 635 2392 centum
652 2343 773 2394 millium
794 2343 869 2398 aeris

61 2425 161 2461 munus
173 2411 296 2472 missum,
307 2417 335 2461 ct
346 2410 428 2461 aedes
439 2408 544 2463 liberae
555 2409 676 2477 hospitio
689 2412 784 2474 datae,
796 2429 869 2464 sum·

60 2486 180 2547 ptusque
193 2480 328 2542 decretus,
340 2480 429 2530 douec
441 2479 469 2530 in
482 2479 564 2531 ltalia
576 2486 658 2533 esset.
694 2482 812 2547 Legati,
823 2482 880 2544 ‹px'x

61 2550 89 2600 in
101 2548 185 2616 Syria
196 2548 316 2614 fuerant,
324 2549 566 2616 renuntiaverunt,
575 2551 610 2603 in
618 2549 752 2602 martimo
763 2544 901 2596 eumne·

61 2634 130 2669 ΜΝ
139 2620 212 2685 apud
219 2635 314 2688 regem
326 2636 402 2690 esse,
426 2623 708 2690 amicissimumque
719 2610 914 2684 populures-

12 2696 141 2738 “mano.
