1860 2994
137 41 184 94 tto
283 39 316 89 T.
335 39 444 88 niun
467 39 510 103 [o.
523 39 551 86 c.
564 39 706 103 nnnc.
722 39 790 102 178]

30 128 32 185 l
136 143 319 209 terocipiont:
339 151 366 192 et
376 141 462 206 recipi
474 141 563 211 focile
575 156 644 202 esse,
666 139 730 190 siin
746 140 853 205 proedo

49 269 52 274 ,
135 214 195 280 poti
207 211 318 262 barbari
327 210 413 262 subito
425 211 631 277 opprimamur:
642 209 712 260 sient
726 208 853 275 ceperint,

137 282 207 349 copi.
243 279 356 331 Summa
366 280 487 330 militum
499 279 646 330 alacritate
659 277 822 329 adhortatio
843 294 853 330 t

137 359 187 402 est.
222 349 328 401 Ferunt
338 349 419 400 citati
430 349 526 416 signa,
548 365 598 401 nee
607 346 758 414 signiferos
771 362 853 415 armni

138 423 248 470 rantur:
269 420 379 485 priores
389 425 484 470 tamen
496 418 593 470 consul
606 417 765 484 copiaeque,
777 432 847 484 quue

49 528 52 532 -
136 490 160 541 ri
170 487 384 551 reducebantur,
403 489 439 540 ad
456 488 558 539 rollum
578 492 765 539 accesserunt.
801 487 853 539 L..

136 559 261 611 tribunus
273 558 378 625 primus
393 557 533 610 secundae
549 556 684 623 legionis,
704 569 759 607 non
774 555 853 609 horte

80 663 82 668 -
137 628 218 681 modo
230 627 349 690 milites,
371 627 420 680 scd
434 627 553 680 docebat
571 627 671 689 etiam,
692 625 724 678 st
737 625 854 680 victores

136 697 232 767 quitur
242 698 326 751 aroris
336 698 469 764 cepissent
481 707 590 761 castra,
609 696 706 749 iisdem
723 704 808 765 copto
822 712 853 750 re

135 767 166 821 in
177 767 266 821 urimo
277 767 419 832 tolerent,
426 767 546 836 primum
557 776 669 820 ermom
680 767 780 819 cruris
791 765 853 820 inost·

137 852 210 893 mre
217 847 409 905 persecuturos
418 837 528 920 suisne,
549 837 643 890 deinde
655 837 787 890 stationes
797 847 853 890 cert

135 909 205 960 vulto
217 907 374 961 habituros.-
396 924 459 961 oeno
470 923 612 975 sonnoque
621 906 766 960 umisimite
776 922 853 961 essen

137 994 231 1032 nocere
577 990 585 1005 ·

188 1045 312 1115 1V.[8.]
335 1045 391 1101 Sub
414 1046 485 1109 haee
503 1049 535 1101 Α.
556 1046 756 1099 Baeculonium
777 1045 852 1113 signi

137 1123 318 1181 suun1,notne
329 1116 503 1170 fortiurdinis
512 1115 720 1179 virum,inferre
730 1116 853 1182 signum:

137 1188 205 1251 lllo,
215 1189 239 1238 si
248 1202 332 1239 unuin
343 1203 374 1241 se
383 1193 574 1255 sequerentur,
594 1201 648 1254 quo
659 1186 778 1239 celerius
789 1187 853 1238 llere

137 1263 245 1310 eturum
262 1257 348 1309 diuite
371 1257 568 1323 connisusqne,
588 1270 673 1322 quum
688 1262 768 1308 mens
782 1256 853 1309 vallo

137 1341 221 1393 gnum
231 1325 406 1388 traiecisset,
425 1327 532 1392 primus
549 1325 669 1378 omnium
689 1332 800 1393 portam
818 1327 853 1379 im

138 1395 174 1447 Et
185 1399 265 1460 parte
277 1393 334 1447 alia
343 1396 377 1447 T.
388 1400 417 1446 et
429 1397 459 1448 c.
468 1396 554 1459 Aelii,
576 1395 682 1448 tribuni
698 1396 818 1447 militum
840 1401 853 1448 t

137 1463 263 1532 legionis,
275 1479 337 1515 ourn
347 1465 475 1532 equitatu
484 1466 646 1519 adveniunt.
659 1464 825 1529 confestim,
835 1482 853 1520 e

9 1586 10 1599 ,
32 1538 33 1551 ’
137 1533 218 1586 binos
229 1534 360 1605 oneraria
377 1536 407 1587 in
422 1536 547 1589 iumenta
565 1537 770 1603 imposuerant,
790 1551 853 1589 scen

31 1604 33 1635 ¹
137 1605 236 1656 consul
246 1620 306 1656 cnm
318 1612 380 1658 toto
390 1607 513 1674 agmine.
535 1609 571 1660 nt
580 1608 716 1660 istrorum
727 1606 817 1673 pauci,
829 1621 853 1673 qr

137 1673 197 1727 uice
208 1674 300 1727 vinosi
310 1682 399 1739 erent,
405 1692 541 1731 memores
551 1676 661 1729 fuerant
667 1675 765 1743 iugae3
775 1675 853 1727 aliisi

137 1759 212 1795 mors
223 1745 452 1798 continuatorem:
471 1747 635 1813 integraque
645 1761 698 1797 sun
714 1748 806 1796 omnia
816 1745 853 1797 Rc

137 1819 331 1881 praeterquam
343 1815 417 1880 quod
427 1815 487 1867 vini
497 1817 607 1882 cibique
620 1818 795 1882 absumptum
806 1828 853 1866 ern

138 1889 277 1949 ceperunt.
295 1884 380 1950 Aegri
391 1899 499 1953 quoque
511 1887 624 1949 militen,
635 1886 684 1953 qui
695 1887 724 1936 in
736 1884 836 1937 castris
848 1899 853 1936 1

137 1950 259 2014 fuerant,
279 1960 427 2021 postquam
438 1954 514 2007 intra
524 1956 630 2007 vallum
640 1970 707 2007 suos
717 1969 853 2007 senserunt

138 2021 190 2073 mis
199 2021 330 2087 arreptis,
341 2023 453 2075 caedem
464 2025 605 2092 ingentem
615 2026 749 2078 fecerunt.
764 2027 853 2079 Antei

136 2089 253 2157 insignis
274 2105 360 2159 opera
373 2092 430 2145 tuit
441 2096 470 2147 c.
481 2094 593 2163 Popillii
613 2096 724 2163 equitis.
761 2093 853 2149 Sabell

137 2175 256 2229 gnomen
266 2168 335 2215 erat.
370 2163 410 2225 le,
422 2164 494 2230 pede
505 2167 600 2219 saucio
610 2167 740 2229 relictus,
760 2165 847 2232 longe

137 2245 197 2282 mos
207 2228 331 2283 hostiurn
342 2234 454 2286 occidit.
489 2237 531 2289 An
542 2243 606 2289 octo
621 2236 711 2288 millia
720 2236 853 2287 istrorum

8 2310 10 2365 ς
78 2302 80 2307 “
137 2315 227 2364 caeso,
239 2307 336 2368 coptus
347 2319 443 2368 nomo,
463 2306 530 2373 quia
538 2308 582 2359 ira
594 2312 623 2357 et
633 2305 789 2372 indignatio
800 2305 853 2356 imo

9 2376 10 2389 ¹
137 2384 182 2424 res
192 2371 313 2439 praedae
323 2371 400 2425 iecit.
409 2374 470 2428 Rex
481 2375 853 2437 tamenlstrorum‚temulen

137 2441 272 2504 convivio,
282 2445 384 2509 raptim
395 2461 413 2497 a
423 2445 482 2497 suis
492 2447 522 2497 in
532 2461 630 2513 equum
641 2446 798 2513 impositus,
806 2445 853 2513 sug

128 2511 286 2567 rictorilrus
296 2512 415 2569 ‘lucenti
424 2515 544 2585 triginta
553 2521 660 2582 septem
672 2515 777 2568 milites
793 2518 853 2582 pori

105 2576 214 2639 plnres
222 2585 256 2639 in
266 2590 420 2643 matutina
432 2587 520 2663 iuga,
530 2585 656 2658 quanin
663 2585 853 2651 reeipieniisr
