1860 2994
66 327 99 376 ur
210 321 374 374 1¹.le11
398 323 442 388 [a.
453 322 485 372 e.
495 319 554 374 ssu.
569 323 601 372 A.
612 322 641 370 e.
655 320 724 387 mu]
805 368 808 373 .

66 398 871 489 mma,

65 497 187 563 petebat,
198 492 384 556 criminando,
395 493 555 559 extorqueri
564 492 620 544 sibi
630 508 649 544 u
658 493 774 544 consulo
785 499 815 545 et
826 509 872 545 se-

65 571 134 614 natu
145 563 241 629 populi
251 563 367 614 Romani
377 563 586 625 beneficium,et
598 562 728 613 invidiam
739 564 872 630 geminati

66 631 183 683 honoris
194 632 269 695 lieri3
280 638 411 697 tanquam
422 648 477 684 non
488 638 644 698 appareret,
651 631 699 682 ubi
709 632 873 697 designatus

67 706 183 768 praetor
193 707 281 762 esset,
303 701 444 766 extemplo
459 703 608 753 aedilitate
622 716 653 752 se
668 700 872 753 abdicaturum.

68 770 180 832 Consul,
192 784 276 835 quum
287 776 316 821 et
327 771 507 836 pertinacium
518 771 639 838 petentis
650 786 783 833 crescere,
793 777 822 822 et
832 769 878 822 la·.

67 853 165 890 rorem
182 838 280 905 populi
297 840 387 906 magis
405 840 549 908 magisque
564 841 593 891 in
604 856 665 892 eum
676 841 808 892 inclinari
817 853 875 890 cer·

67 914 156 970 neret,
168 908 291 959 dimissis
302 909 438 972 comitiis,
460 916 587 961 senatum
601 910 720 960 vocavit.
743 913 875 961 -Gensue-

67 984 135 1028 runt
145 978 314 1044 frequentes,
324 978 457 1041 Quoniam
462 979 592 1031 Flaccum
600 979 751 1030 auctoritas
757 979 876 1030 Patruus

69 1047 141 1100 uidit
159 1048 297 1112 rnouisset,
324 1051 361 1102 ad
386 1051 515 1116 populum
535 1064 596 1101 cum
615 1048 715 1101 Flacco
734 1048 875 1116 agendum.

71 1116 211 1170 concione
225 1117 376 1181 advocata,
397 1133 483 1184 quum
504 1120 609 1185 egisset
631 1117 741 1180 eonsul3
763 1121 876 1168 netum

71 1185 182 1251 quidem
195 1187 229 1239 de
239 1189 380 1240 sententia
389 1195 496 1251 motus,
517 1188 623 1256 gratias
635 1187 738 1254 populo
749 1186 875 1236 Romane

71 1255 139 1322 egit,
160 1259 231 1323 quod
247 1267 324 1311 tauto
346 1258 448 1324 stadia,
470 1259 678 1326 quotiescunque
698 1255 877 1308 declarandas

70 1327 220 1380 voluntatis
228 1337 349 1394 potestas
361 1329 447 1401 saeta
458 1339 540 1391 esset,
548 1337 704 1395 praetorem
714 1342 742 1377 se
752 1322 877 1376 odumset

66 1393 175 1464 facere.
209 1396 255 1448 Ea
266 1399 320 1450 eidi
328 1399 424 1450 studia
434 1397 534 1449 sirium
545 1413 653 1448 suorum
666 1395 815 1448 destituere
825 1407 877 1444 uass

70 1463 100 1515 in
111 1464 200 1514 animo
212 1481 274 1517 esse.
286 1462 290 1469 ’
310 1469 391 1520 llaec
401 1483 467 1519 vero
479 1475 538 1518 tarn
551 1469 693 1519 obstinata
704 1479 760 1517 vox
768 1467 877 1515 tanturn

71 1531 99 1581 ei
109 1529 235 1579 favorem
248 1536 387 1587 accensu,
406 1542 439 1574 aa
451 1536 526 1576 nsua
543 1537 644 1577 auarus
660 1533 775 1592 praetor
793 1533 877 1590 esset,

71 1597 95 1648 si
107 1596 204 1650 consul
225 1595 351 1661 accipere
367 1608 467 1644 nornen
485 1592 580 1646 uellet.
616 1597 715 1662 Ingens
737 1603 878 1649 certamen

70 1665 201 1726 tribunis,
215 1670 243 1716 et
253 1665 327 1716 inter
337 1679 368 1716 se
379 1664 465 1730 ipsos,
471 1669 499 1714 et
512 1679 573 1716 cum
585 1665 779 1729 consulo,fuit:
791 1667 879 1718 dones

71 1741 184 1786 senatus
205 1734 351 1787 aconsule
367 1739 410 1787 est
426 1732 552 1798 habitus,
572 1734 782 1803 decretumque:
808 1735 880 1800 Quo·

71 1804 155 1866 niusa,
163 1804 304 1871 praetoris
316 1804 482 1874 subrogandi
494 1805 604 1858 comitia
615 1824 647 1859 ne
658 1805 762 1876 legibus
769 1805 879 1876 flereat,

66 1874 227 1943 pertinacia
242 1874 273 1939 Q.
285 1875 381 1928 Flacci
393 1883 420 1927 et
436 1891 527 1943 praua
537 1877 630 1928 studia
644 1874 781 1927 dominum
797 1876 880 1942 impe·

71 1943 171 2008 diruat,
183 1954 307 1998 serratum
317 1962 431 2007 censere,
442 1945 511 1997 satis
518 1954 676 2011 praetorum
687 1959 757 1993 esse:
767 1941 800 1992 P.
814 1943 880 1995 Cor·

70 2015 158 2067 nelias
169 2023 312 2080 utramque
323 2015 353 2066 irs
365 2014 431 2066 urbe
442 2012 655 2066 iurisdictionem
664 2009 786 2073 dederet,
797 2011 881 2079 Apol.

71 2081 174 2146 linique
184 2084 260 2133 ludos
272 2082 394 2152 faceret.

124 2150 185 2200 XL.
204 2150 259 2200 llis
279 2150 402 2200 comitiis
423 2147 571 2214 prudentia
592 2151 620 2200 et
639 2147 744 2199 virtute
765 2155 879 2202 senatus

72 2218 209 2280 sublatis,
230 2219 288 2270 alia
297 2218 412 2270 maioris
425 2217 599 2280 certaminis,
620 2232 675 2283 quo
687 2224 716 2269 et
726 2219 833 2271 maiore
843 2220 880 2272 de

72 2302 114 2351 re,
125 2293 154 2338 et
164 2291 239 2339 inter
249 2288 343 2354 plures
354 2287 584 2353 potentioresque
594 2287 684 2349 viros,
696 2294 760 2339 sunt
772 2295 879 2341 exortu.

73 2357 224 2408 censuram
242 2372 350 2409 summa
367 2357 546 2409 contentione
561 2358 692 2423 petebant
702 2357 735 2408 L.
748 2358 880 2410 Valerius

72 2425 204 2487 Flaccus,
224 2425 254 2477 P.
267 2431 295 2476 et
306 2427 339 2478 ln.
350 2425 507 2491 Scipiones,
529 2428 577 2478 crs.
589 2427 712 2478 Manlius
723 2426 825 2489 Vulso,
845 2427 880 2479 L.

72 2494 175 2545 Furius
186 2495 339 2559 Purpureo,
350 2496 474 2562 patricii:
486 2496 590 2562 plebeii
601 2503 703 2558 autern,
713 2497 753 2549 M.
765 2496 880 2548 Porcius

75 2564 153 2626 cato,
165 2565 205 2616 M.
216 2565 330 2618 Fulvius
343 2566 479 2629 Nobilior,
490 2568 534 2618 'l'i.
546 2573 574 2618 et
584 2569 623 2618 M.
629 2566 795 2634 Sempronii,
806 2565 880 2617 Lon·

74 2646 126 2698 gns
138 2639 166 2684 et
177 2634 343 2687 Tuditanus.
380 2636 435 2689 Sed
446 2652 541 2689 omnes
555 2639 689 2704 patricios
700 2635 880 2702 plebeiosque

72 2704 311 2756 nobilissimarum
330 2705 499 2758 familiarum
512 2709 551 2760 Μ.
563 2708 676 2760 Porcius
693 2707 777 2773 louge
792 2704 880 2757 antui-

67 2772 124 2820 ὑπ.
161 2775 194 2823 In
205 2773 261 2826 lroc
273 2775 332 2828 riro
343 2783 424 2829 tanta
435 2777 475 2828 ris
488 2778 575 2829 animi
584 2776 742 2843 ingeniique
752 2774 821 2835 luit,
837 2778 880 2835 ut,

52 2847 229 2908 quocunque
239 2845 310 2901 loeo
322 2855 410 2902 natus
421 2859 508 2915 esset,
514 2847 662 2900 fortunam
671 2842 886 2907 siuiiqsetssun-
