1860 2994
10 152 13 213 l
142 162 217 217 Lra.
228 162 327 217 xmv.
338 161 467 216 clato.
479 159 779 229 [capuanense]
820 161 872 214 309

68 269 212 321 aiensibus
224 268 393 321 debellatum
405 285 475 323 esse.
512 269 629 331 Consul,
644 285 661 320 a
670 269 766 337 Pydna
778 270 870 336 proic-

70 344 144 404 ctus,
163 354 224 391 cum
235 344 295 389 toto
309 341 432 391 exercitu
444 340 488 392 die
506 339 595 391 altero
608 339 714 390 Pellam
732 341 870 406 pervenit:

70 414 110 472 et,
123 424 205 476 quum
218 414 310 459 castra
321 409 397 461 mille
408 425 505 477 passus
517 410 583 461 inde
595 410 748 475 posuisset,
763 424 812 475 per
822 410 872 460 ali·

10 484 13 489 '
69 485 139 545 quot
158 479 218 533 dies
238 479 279 530 ibi
293 480 399 531 stativa
418 478 528 542 habuit,
548 480 632 530 situm
651 479 729 529 urbis
749 479 872 545 undiquc

10 570 12 577 ·
68 547 223 614 aspiciens3
243 563 325 614 quam
340 563 395 599 non
410 550 470 602 sinc
486 563 571 601 causa
590 548 727 600 delectam
748 563 810 600 esse
828 563 872 600 re-

90 616 97 629 '
154 616 283 669 advertit.
319 617 382 671 Sita
393 626 436 671 cst
446 620 476 671 in
488 617 607 680 tumulo,
618 624 749 686 vergente
759 617 789 668 in
799 617 871 668 occi·

68 631 182 739 mem
192 683 348 740 hibernum.
384 689 505 755 Cingunt
515 685 630 755 paludes
640 685 873 756 inexsuperabilis

29 758 40 773 ⁸
68 754 227 809 altitudinis
241 765 348 811 aestate
363 764 392 810 et
408 758 512 821 hieme,
532 771 601 823 quas
622 763 814 825 restagnantes
834 755 874 809 fa·

10 820 13 839 '
69 824 148 877 cium
158 822 244 877 lacus.
279 828 311 878 ln
321 828 384 893 ipsa
394 826 511 893 palude,
533 827 728 894 quaproxima
742 827 873 888 molest,

69 893 147 947 velut
155 894 263 956 insula,
281 896 399 957 eminet,
418 895 515 962 aggeri
525 894 616 962 operis
627 895 749 962 iugentia
759 895 873 962 imponi·

29 1008 34 1015 .
68 970 114 1017 tas
153 963 184 1013 ui
196 968 341 1014 etmurum
354 964 503 1027 sustineat,
522 971 550 1015 et
560 963 675 1016 humore
691 965 875 1017 circumfusae

68 978 182 1102 palagia
193 1029 265 1082 nihil
275 1031 412 1083 laedatur.
436 1033 519 1085 Muro
531 1032 608 1083 urbis
618 1032 766 1085 coniuncta
775 1032 873 1100 procul

10 1134 12 1139 -
68 1101 193 1155 videtur.
203 1100 301 1153 Divisa
311 1107 354 1155 est
365 1101 542 1154 intermurali
552 1103 671 1166 anmi‚ct
682 1101 778 1154 eadem
789 1106 876 1169 ponte

67 1172 178 1223 iuncta:
198 1176 230 1221 ut
240 1186 306 1235 uec,
318 1177 495 1239 oppugnante
505 1176 635 1235 externo,
653 1171 760 1222 aditum
772 1169 877 1223 abolla

69 1238 277 1310 partehabeat3
300 1255 365 1306 nec,
384 1242 410 1294 si
421 1256 502 1309 quem
511 1241 551 1293 ibi
561 1255 611 1292 rex
626 1241 765 1305 includat,
786 1239 874 1291 ullum

10 1314 17 1333 ¹
69 1310 127 1363 nisi
136 1324 186 1379 per
202 1308 356 1364 facillimae
371 1312 516 1364 custodias
531 1316 644 1378 pontem
659 1310 802 1378 effugium.
836 1308 876 1360 Et

70 1394 145 1449 gaza
158 1379 236 1448 regia
249 1381 280 1432 in
295 1380 329 1434 co
344 1380 408 1434 loco
423 1387 498 1434 erat:
519 1380 570 1433 sed
591 1387 650 1434 tum
671 1380 743 1433 nihil
763 1384 875 1447 praeter

10 1434 39 1525 ’,ᾖ
69 1455 198 1503 trecenta
206 1451 324 1514 talenta,
335 1467 404 1517 quae
414 1452 500 1505 missa
509 1450 612 1505 Gentio
623 1452 697 1520 regi,
719 1450 820 1503 deinde
831 1464 874 1501 re·

19 1528 27 1569 '!
69 1523 151 1573 tenta
163 1517 287 1582 fuerant,
306 1522 448 1571 inventum
459 1528 510 1573 est.
546 1521 600 1574 Per
611 1526 680 1589 quos
693 1521 753 1575 dies
768 1520 802 1571 ad
813 1518 875 1571 Pel-

11 1571 27 1629 Ψ
69 1588 129 1641 lam
141 1590 244 1640 stativa
252 1587 375 1652 fuerunt,
395 1589 551 1655 legationes
563 1589 735 1656 frequentes,
756 1605 828 1656 quac
840 1589 876 1640 ad

11 1630 27 1711 ³!
68 1658 268 1729 gratulandum
290 1664 494 1720 convenerant,
524 1661 644 1711 maxime
663 1674 697 1709 ex
718 1657 877 1722 Thessalia,

10 1706 30 1781 ἦ
70 1727 183 1781 auditae
193 1732 265 1778 sunt.
302 1727 406 1778 Nuntio
419 1726 519 1779 deinde
530 1734 655 1793 accepto,
666 1728 769 1778 Persen
780 1724 876 1777 Samo-

68 1794 877 1864 thracamtraiecisse,profactusaPellaconsulquartisan-

10 1862 14 1895 ”
69 1865 331 1935 etrishmphipolim
343 1867 478 1933 pervenit.
490 1867 587 1920 Effusa
598 1865 689 1916 omnis
700 1864 808 1917 obviam
820 1869 878 1914 tur-

67 1937 108 1989 ba
118 1936 205 1988 cnivis
217 1937 321 1989 indicio
333 1943 406 2000 erat,
427 1952 482 1988 non
492 1938 567 1989 bono
579 1950 611 1987 ac
622 1935 698 1986 iusto
714 1948 781 2001 rege
796 1932 878 1985 orba·

68 2005 128 2104 Ham,
136 2004 178 2047 recl
186 2006 306 2060 impotenti
316 2006 405 2048 domino
412 2005 524 2059 liberator·
531 2002 576 2045 eibi
585 2000 784 2058 Amphipolitanos
794 2000 876 2045 videri.

98 2072 192 2112 granam
199 2060 277 2102 urbem
286 2061 380 2103 Paullus
388 2074 456 2115 qurum
465 2059 547 2103 (livinis
554 2058 622 2100 ahur
630 2063 773 2112 operaretur,
790 2057 877 2100 sacriti-

68 2117 175 2170 einmque
184 2115 286 2156 sollenne
294 2115 389 2167 iacent,
398 2117 426 2159 sle
436 2116 500 2159 coelo
510 2119 570 2158 iactr
581 2115 658 2157 inlito
665 2115 783 2162 arrereit3
800 2114 834 2157 ric
842 2114 877 2156 in-

69 2170 252 2228 terpretantibus
267 2171 378 2222 omnihus.
395 2172 555 2229 acceptissima
566 2170 611 2213 eliis
624 2170 683 2213 lona
700 2170 801 2214 eeneulie
817 2180 877 2219 eene,

85 2241 129 2271 nee
139 2227 210 2269 etiem
222 2224 317 2267 coelesti
331 2228 421 2271 flamme
433 2232 628 2271 consecrarentur·
657 2225 711 2270 Non
723 2228 762 2269 (lin
776 2231 877 2269 moratus

70 2242 204 2340 huphipoh
215 2280 300 2330 consul,
309 2282 374 2325 simiel
383 2283 412 2324 erl
418 2284 598 2339 persequendum
607 2285 706 2333 Person,
724 2283 790 2326 simul
802 2286 827 2323 ut
836 2292 879 2336 per

71 2352 151 2384 omnes
159 2342 246 2391 genter,
255 2339 469 2390 quaesitissimis·
478 2340 582 2389 inerant,
600 2340 702 2383 victricia
712 2351 775 2382 erma
784 2337 879 2379 circum-

10 2410 35 2459 ᾗ,
71 2397 152 2446 ferret,
162 2393 331 2444 ollnmanticen,
340 2395 455 2446 regionem
464 2395 524 2438 ultre
533 2395 678 2450 Strymonem
686 2406 788 2442 emnem,
802 2392 879 2448 petiit,

10 2468 36 2529 ‚d
73 2456 98 2497 et
105 2451 135 2496 nl
143 2452 208 2498 airu
216 2453 293 2493 wira
301 2451 386 2506 possuit.

10 2566 34 2615 ¹:

10 2634 33 2669 ,ἵ

10 2689 24 2733 Ι,
340 2684 623 2707 w
