1860 2994
1 123 3 154 ἵ
97 117 132 164 70
239 115 272 164 Τ.
293 111 399 162 lell
422 111 465 178 [U.
480 113 509 162 C.
523 112 580 179 57⁰·
593 112 627 162 A·
641 113 668 160 C.
686 113 751 178 182]

99 231 217 272 oestrum
239 230 388 286 superstes,
409 218 484 270 isaud
502 219 659 288 arrsbiguum
680 237 771 287 regem
789 224 908 276 alterum

99 306 158 341 mea
170 298 255 340 morte
261 288 379 360 faciam.
411 288 467 340 Nee
471 288 603 359 fratrem,
616 304 664 341 nee
671 298 782 356 patrem
788 294 909 357 potestis

98 360 175 427 pati:
192 357 261 411 nitit
271 359 340 421 euri,
351 357 421 411 uitii
430 358 520 411 saneti
531 365 585 409 est.-
604 357 634 410 in
644 358 760 410 omnium
771 359 856 412 uicem
866 378 910 414 re·

96 428 149 497 gni
160 427 240 479 unius
251 427 417 480 insatiabilis
427 444 503 480 arnor
513 426 651 479 suecessit.
688 427 783 548 Aqite,
803 446 909 485 consae

99 500 186 550 lerate
197 513 277 548 aures
284 508 436 566 paternas.-
455 496 590 550 decernite
601 496 710 550 crimini
728 513 767 560 us,
778 500 909 571 monfen-

98 583 131 621 ro.
140 566 291 619 decreturi:
311 567 394 619 dicite
404 569 510 636 palum,
519 565 650 636 quiequid
658 575 707 617 aut
718 566 777 617 oeri
783 569 908 634 potestis,

99 645 152 689 aut
173 637 336 690 comminisci
356 637 429 689 litet.
465 635 613 688 Reseratae
633 651 713 687 aceres
733 644 812 700 sunt,
838 654 909 705 quae

97 706 213 775 posthac
228 706 338 758 secretis
347 707 462 759 atterius
472 707 506 758 oi
518 709 606 756 altero
617 705 776 758 criminibus
786 707 910 760 clauden-

101 786 157 829 tur.
176 777 263 838 Hace,
275 775 369 827 furens
381 776 433 837 ira,
445 790 528 840 quum
539 773 665 838 dixisset,
675 775 808 828 lacrimae
820 777 907 829 omni·

100 845 154 897 bus
167 847 293 907 obortae,
309 852 337 896 et
348 845 397 894 diu
406 851 542 895 maestum
553 844 697 896 silentium
709 844 809 900 tenuit.

154 917 202 967 lx.
224 917 295 966 Turn
307 914 437 966 Perseus:
460 912 616 981 Aperienda
631 914 758 969 nimirum
773 923 851 968 nocte
866 914 909 969 ia-

101 1001 157 1040 nua
168 985 241 1056 fuit,
252 993 280 1036 et
289 983 392 1038 armati
404 983 592 1037 comissatores
602 984 760 1052 aecipiendi,
777 985 909 1053 praeien-

102 1057 216 1121 dumque
225 1054 308 1126 ferro
319 1054 453 1124 iugulum,
464 1055 631 1122 quandonam
641 1055 774 1117 ereditur,
784 1054 838 1108 nisi
845 1071 910 1123 per·

99 1133 252 1194 patratum,
267 1123 401 1196 sueinum
421 1124 554 1177 eteoclem
570 1124 677 1192 petitus
689 1123 796 1176 insidiis
816 1124 910 1188 audio,

99 1211 171 1265 quae
193 1197 264 1247 latro
286 1204 369 1262 atque
388 1193 543 1247 insidiator.
579 1193 648 1251 Non,
663 1194 840 1263 nequicquam
859 1192 911 1246 isti

101 1281 184 1318 aurem
194 1262 365 1317 Demetrium
369 1264 463 1334 fitium
474 1272 500 1315 te
511 1261 616 1326 habere,
626 1279 667 1316 me
676 1264 809 1317 subditum
820 1272 847 1317 et
851 1265 909 1332 pei·

101 1336 153 1388 lice
161 1334 285 1404 genitum
296 1336 440 1403 appellant.
469 1332 548 1397 Nam,
558 1331 583 1384 si
589 1334 718 1401 gradum,
729 1334 754 1386 si
764 1333 911 1387 caritatem

96 1403 156 1474 filii
167 1405 241 1471 apud
250 1414 277 1457 te
288 1403 419 1465 haberem,
432 1418 485 1455 non
496 1401 525 1454 in
536 1418 586 1465 me,
602 1413 756 1468 querentem
768 1402 912 1472 deprehen·

103 1474 286 1536 scainss'dr'as,
307 1475 354 1525 sed
368 1470 479 1532 insum,
500 1470 548 1539 qui
562 1471 688 1543 fecisset,
709 1472 842 1525 saevires:
861 1485 911 1525 nee

106 1544 173 1596 adeo
185 1543 236 1594 titi
247 1543 309 1595 uilis
319 1541 378 1594 uita
389 1550 457 1594 esset
466 1551 571 1605 nostra,
582 1550 615 1592 ut
624 1559 671 1594 nec
677 1542 831 1610 praeterito
839 1539 912 1610 peri·

105 1615 165 1666 culo
176 1629 232 1666 meo
244 1611 396 1673 mouereris,
416 1611 621 1682 nequesuturo,
638 1611 664 1663 si
673 1611 866 1665 insidiantibus
875 1609 912 1663 sit

105 1683 223 1751 impune.
260 1682 366 1750 Itaque,
386 1681 411 1733 si
419 1680 489 1733 mori
499 1681 613 1734 tacitum
624 1689 741 1749 oportet,
764 1690 912 1743 taceamus,

105 1753 212 1820 precati
228 1760 336 1804 tantum
354 1751 429 1814 deos,
448 1761 480 1804 ut
494 1766 512 1803 a
526 1768 566 1802 me
580 1758 701 1815 coeptum
715 1751 800 1800 scelus
820 1749 850 1802 in
871 1762 912 1801 ms

101 1823 187 1892 finem
197 1821 306 1880 taient,
323 1836 373 1872 nec
378 1836 430 1886 per
440 1834 524 1870 meum
536 1821 609 1869 intus
620 1826 652 1867 tu
659 1815 774 1882 peteris.
802 1815 852 1871 Sin
864 1834 913 1870 aa·

107 1901 171 1950 tem,
192 1889 262 1955 quod
272 1887 460 1938 circumuentis
470 1887 499 1939 in
510 1884 656 1937 solitudine
667 1892 770 1937 natura
782 1885 842 1952 ipsu
852 1887 914 1939 sui·

106 1958 177 2018 iicit,
197 1965 229 2007 ut
240 1955 384 2016 dominum,
405 1971 470 2020 quos
480 1969 617 2022 nunquam
627 1952 759 2016 uiderint,
772 1955 859 2025 Jidem
870 1965 914 2010 ta·

107 2043 166 2080 men
178 2026 335 2093 implorent,
356 2023 423 2076 miti
433 2041 549 2093 quoque,
564 2024 675 2095 serrum
688 2022 718 2077 iu
732 2041 774 2077 me
784 2025 913 2079 strictum

108 2094 242 2157 cernenti,
261 2110 350 2146 uocem
365 2092 475 2145 mittere
489 2093 571 2144 liceat
581 2109 592 2153 ;
608 2110 659 2160 per
677 2102 717 2157 te,
735 2095 913 2163 patriumque

107 2179 212 2227 nomen,
233 2165 304 2232 quod
318 2163 377 2214 utri
394 2172 515 2215 nostrum
531 2162 652 2215 sanctius
666 2162 716 2225 sit,
736 2164 913 2232 iampridem

107 2232 199 2295 sentis,
209 2233 251 2285 ita
263 2249 303 2284 me
314 2232 422 2295 audias,
430 2248 537 2305 precor,
548 2242 677 2299 tanquam
688 2232 721 2296 si,
731 2249 794 2285 ooce
805 2242 833 2287 et
844 2247 912 2285 com·

108 2301 260 2372 ploratione
270 2311 404 2355 nocturna
415 2302 533 2366 excitus,
552 2300 621 2354 milti
634 2303 784 2371 quiritanti
798 2302 913 2355 interce·

108 2373 207 2434 nisses,
221 2370 395 2424 Demetrium
410 2388 470 2425 enm
484 2372 599 2424 armatis
615 2382 693 2425 noete
707 2373 869 2440 intempesta
878 2371 912 2425 iss

110 2441 239 2495 restituto
254 2458 311 2494 tneo
326 2440 548 2509 deprehendisses.
586 2440 664 2505 Quod
677 2452 734 2495 tum
743 2441 913 2514 vociferarer·

110 2513 140 2564 in
149 2526 179 2563 re
186 2511 327 2579 praesenti
338 2511 467 2579 pauidus,
487 2511 538 2564 trae
547 2527 619 2565 nune
630 2520 738 2580 postero
750 2511 794 2565 die
805 2525 913 2577 queror·

1 2590 2 2593 ¹
97 2580 222 2642 Frater,
242 2597 298 2634 uon
314 2580 517 2637 contumatiam
531 2580 658 2635 inuicem
671 2579 728 2632 iarn
741 2579 913 2633 diuoioimus

81 2640 233 2703 cateruas.
269 2650 411 2727 Regnare
429 2651 595 2726 utiqueoiss
615 2649 681 2706 ituit
692 2646 925 2722 spuituasoistss
