1860 2994
276 39 308 84 Τ.
331 38 437 82 bivii
460 39 503 96 [υ.
516 39 545 78 υ.
557 39 616 82 bb's.
627 39 660 78 A.
671 39 700 77 t..
717 39 787 93 inq]

177 112 287 120 -—-—-
306 111 364 116 ...-

129 135 260 186 nensibus
272 131 435 198 Illyriisque
449 128 584 190 venditis,
606 130 632 178 in
648 127 810 179 Penestiam

129 211 188 255 turn
202 201 310 251 reducit
321 201 355 252 ad
368 202 508 251 anneum
519 197 650 263 oppidum
661 198 690 246 in
701 203 813 263 potesta

130 271 289 339 digendum.
308 266 345 320 Et
355 269 458 335 alioqui
470 275 626 333 opportune
637 267 737 329 situm,
758 272 789 318 et
799 272 812 318 t

131 356 164 394 ea
175 340 256 391 estin
267 340 421 399 Labeates,
439 337 486 387 ubi
498 335 616 387 Gentius
627 337 770 403 regnabat.
808 336 816 387 i

131 411 209 463 eunti
221 408 355 476 frequens
367 405 522 466 castelium,
534 405 711 456 Draudacum
722 405 817 456 nomin

130 486 222 532 torum
233 477 347 543 quidam
359 477 481 543 regionis
492 476 563 536 eius,
581 473 651 527 nite
662 472 769 528 anneo
780 492 816 545 eq

131 564 194 609 etse,
204 550 257 608 ait,
277 545 331 598 niti
341 546 370 597 in
386 552 525 612 potestate
535 553 562 595 et
572 543 755 596 Draudacum
771 546 811 599 sit

131 616 224 670 tanim
235 615 319 668 etiam
331 617 368 667 od
379 614 469 667 omnia
486 613 607 681 positum
622 630 686 666 etse.
722 615 816 666 Admo

132 688 204 749 eitu,
216 700 312 737 omnes
323 685 463 751 externplo
475 683 642 735 dediderunt
653 698 723 735 sese.
760 684 816 746 Qut

132 756 237 807 leriore
256 754 398 806 deditione
418 759 540 816 erectus,
562 758 709 822 postquam
730 755 816 804 anima

133 830 253 892 quantus
265 824 383 892 agminis
394 826 437 874 sui
448 830 541 874 terror
552 822 767 884 esset,undeeim
779 822 816 874 ali

132 896 163 947 la
172 894 269 946 eodem
284 901 359 944 metu
371 894 399 944 in
410 898 578 960 potestatem
590 890 702 959 redigit.
738 891 780 943 Ad

132 966 162 1017 vi
172 978 243 1031 opus
254 962 317 1026 init,
337 970 433 1016 cetera
442 962 589 1013 voluntate
602 960 709 1012 dedita:
730 968 758 1012 et
768 962 796 1012 in

128 1032 178 1155 ¹pti
187 1030 266 1085 mille
276 1038 305 1085 et
316 1032 457 1099 quingenti
470 1028 598 1098 dispositi
610 1042 660 1097 per
676 1030 816 1096 praesidia

158 1097 816 1167 emanibiagnonsuiCarviliusSpuietinuserat

133 1172 216 1241 quiis,
227 1171 354 1231 dicendo,
365 1168 437 1220 nibii
447 1168 474 1219 in
484 1168 562 1235 ipsos
573 1168 721 1221 saevitum.
740 1168 782 1221 Ad
794 1172 816 1222 0

132 1247 296 1309 perventum
307 1244 364 1301 est,
384 1237 457 1305 quod
473 1238 535 1290 sine
552 1236 627 1289 iusta
646 1240 816 1306 oppugnatio

134 1324 191 1362 non
202 1315 320 1374 poterat.
357 1306 394 1357 Et
406 1306 515 1358 maiore
524 1306 677 1376 aliquanto,
690 1322 772 1375 quam
784 1324 815 1360 ce

132 1383 254 1439 ventute,
266 1382 295 1428 et
305 1376 427 1428 validum
439 1376 570 1443 oppidum
580 1380 723 1430 moenibus
734 1383 809 1429 erat:

133 1448 223 1499 amnis
234 1450 348 1497 Artatus
358 1449 477 1509 nonime,
498 1443 563 1498 hine
573 1462 653 1499 mons
664 1448 807 1514 praealtus

133 1515 255 1567 difficilis
267 1515 405 1584 elugebat.
441 1516 520 1567 Haec
531 1532 607 1583 spem
618 1518 652 1568 ad
665 1517 816 1568 resistendu

133 1584 213 1637 danis
225 1585 336 1638 dabant.
372 1585 499 1647 Perseus,
511 1586 719 1639 circumvallato
733 1587 816 1652 oppid

134 1670 194 1706 rem
203 1662 309 1722 aparte
320 1657 463 1722 superiore
474 1654 573 1706 ducere
588 1658 726 1717 instituit,
748 1656 816 1706 cuius

135 1724 201 1777 dine
213 1740 306 1775 muros
317 1730 472 1789 superaret.
509 1725 588 1785 Quod
610 1740 678 1789 opus
698 1723 762 1773 dum
784 1740 816 1788 pe

137 1795 242 1846 crebris
254 1794 366 1844 interim
384 1791 513 1858 proeliis,
532 1791 631 1856 quibus
647 1807 697 1856 per
712 1806 816 1841 excursi

135 1862 247 1913 moenia
257 1878 308 1912 sua
319 1861 450 1927 oppidani
466 1861 644 1920 tutabantur,
666 1864 694 1909 et
710 1873 795 1924 opera

134 1930 338 1995 impediebant,
350 1943 450 1995 magna
461 1942 555 1978 eorum
567 1928 716 1977 multitudo
728 1928 816 1978 variis

135 1999 281 2062 absumpta
293 2003 348 2049 est:
369 2004 407 2058 et,
417 1997 464 2062 qui
473 2003 637 2061 supererant
669 1998 768 2049 labore
780 1998 816 2048 dn

137 2073 290 2132 eturnoque
302 2072 331 2115 et
340 2066 499 2116 vulneribus
508 2066 624 2117 inutiles
636 2074 725 2119 erant.
758 2070 811 2120 Ubi

136 2149 222 2203 agger
232 2136 369 2185 iniunctus
381 2148 460 2185 muro
472 2140 524 2197 est,
536 2141 564 2186 et
576 2135 674 2188 cohors
686 2138 772 2204 regia,
781 2154 816 2207 qu

136 2214 214 2257 teras
226 2202 381 2270 appellant,
402 2203 588 2268 transcendit,
609 2213 636 2258 et
647 2209 730 2258 scalis
748 2210 816 2258 mult

139 2273 265 2342 partibus
275 2274 394 2339 impetus
404 2272 434 2323 in
446 2274 541 2326 urbem
553 2284 595 2327 est
605 2274 705 2328 faetus.
717 2276 816 2329 Puberr

138 2343 281 2396 interiecti
292 2347 369 2394 sune
390 2345 520 2409 coniuges
532 2344 691 2413 liberosque
704 2362 801 2398 eorum
812 2350 816 2397 i

141 2414 216 2475 diurn
226 2412 318 2465 dedit:
339 2412 461 2479 praedae
477 2413 534 2464 alia
550 2416 671 2467 militurn
689 2432 806 2468 cessere.

136 2500 199 2535 rem
207 2482 276 2536 inde
289 2482 380 2535 victor
388 2488 534 2537 revertens
546 2484 583 2536 ad
592 2486 726 2537 Gentium
731 2487 816 2549 tegat«

121 2560 220 2608 ratuni
230 2555 270 2608 111
267 2556 382 2629 yriunn
396 2556 581 2614 exsulantem
592 2554 672 2625 apud
680 2559 760 2615 suet
770 2550 816 2600 na·-
