1860 2994
95 112 169 166 ms.
181 110 280 166 xuni.
293 113 367 166 cn.
377 109 420 165 14.
432 111 473 168 15.
488 114 568 183 [uc.
576 114 634 169 sss.
643 115 675 168 s.
684 115 791 183 ense]
809 114 861 201 us

53 223 155 287 postve
169 231 217 268 eos
230 216 359 268 eonsules
371 218 400 267 in
410 217 604 270 Macedoniam
616 219 739 285 scriptis,
754 217 803 280 Ut,
816 219 863 286 qui

54 303 147 341 eorum
158 286 283 340 initalia
293 296 389 350 essent,
399 287 476 340 intro
488 288 544 340 dies
556 288 692 357 triginta,
703 289 774 340 censi
780 289 863 354 prisco

56 357 133 426 apud
141 372 196 409 oete
203 394 211 426 ,
234 356 263 410 in
277 356 445 428 provinciam
456 358 592 410 redirent:
613 359 699 425 quiin
711 358 802 425 patris
813 367 863 409 aui

58 426 106 480 ooi
110 435 249 495 potestate
261 435 359 491 essent,
380 444 469 482 eorum
480 428 589 484 nomina
605 429 642 479 osi
661 444 688 479 se
710 429 862 481 ederentur.

59 494 207 548 Misoorum
219 512 324 565 quoque
335 514 430 550 cousus
440 514 495 551 sese
505 497 661 568 cognituros
675 513 742 549 esse:
754 507 789 559 et,
801 514 863 565 quo·

58 582 120 618 rum
130 575 194 620 onte
206 567 318 621 emutio
333 568 470 636 stipendio
487 568 617 636 gratioso
632 567 724 620 mistio
740 567 792 618 sibi
806 567 865 618 oiso

59 644 138 698 esset,
149 652 192 689 eos
202 637 301 690 milites
312 638 382 707 fieri
392 638 522 689 iussuros.
540 638 604 688 Hoc
615 637 707 689 edicto
718 637 867 703 literisque

59 719 207 757 censorum
228 707 356 773 perfora
375 713 405 758 et
423 705 607 757 conciliabula
626 707 764 768 dimissis,
786 714 867 757 tanta

57 773 209 828 multitudo
220 777 364 827 iuniorum
372 775 491 828 Romam
502 775 639 839 contenit,
658 783 689 826 ut
699 776 793 842 gravis
804 777 867 828 urbi

56 845 143 897 turba
152 844 269 897 insolita
280 851 363 898 esset.
819 892 823 899 .

111 912 175 965 XV.
194 912 271 983 [li]
289 915 406 966 Praeter
416 913 555 967 delectum
566 928 672 979 eorum,
683 931 753 983 quos
763 915 792 966 in
803 929 868 982 snp-

56 983 231 1053 plementum
246 983 322 1034 mitti
341 984 503 1051 oportebat,
525 989 657 1051 quattuor
672 1001 690 1037 n
700 987 729 1036 c.
740 983 867 1050 Sulpicio

56 1057 192 1122 praetore
207 1051 329 1117 scriptae
343 1053 370 1103 le
391 1054 470 1105 iones
491 1059 568 1116 sunt,
588 1054 719 1121 intraque
737 1055 868 1106 undecim

57 1122 120 1176 dies
134 1120 259 1173 delectus
270 1127 314 1173 est
324 1069 475 1189 perlectus.
512 1123 648 1175 Consules
659 1122 758 1175 tleinde
773 1123 869 1174 sortiti

57 1191 302 1261 provincisssunt.
338 1191 411 1245 Nam
421 1199 566 1263 praetores
576 1199 692 1261 propter
700 1191 869 1245 iurisdictio·

57 1276 122 1315 nem
134 1261 270 1313 maturius
281 1262 375 1315 sortiti
387 1270 473 1316 erent.
484 1264 597 1315 Urbana
608 1265 637 1315 C.
649 1260 869 1330 Slrlpicio,pere·

57 1332 141 1453 ggina
151 1332 180 1382 C.
191 1332 318 1384 Decimio
331 1333 483 1402 obtigerat:
504 1334 671 1400 Hispaniam
682 1334 722 1386 M.
736 1332 868 1385 Claudius

89 1400 219 1463 arcellus,
239 1401 365 1456 Siciliam
374 1402 434 1456 Ser.
445 1405 590 1456 Cornelius
601 1404 754 1467 Lentulus,
775 1401 867 1455 Sardi·

57 1470 134 1523 niam
143 1470 174 1521 P.
183 1471 317 1525 Fonteius
328 1474 438 1540 Capito,
450 1474 568 1527 classem
579 1475 738 1528 C.Marcius
749 1473 867 1540 Figulus

60 1547 121 1593 orat
131 1540 255 1593 sortitus.
293 1543 442 1597 Consulum
455 1547 501 1595 Cn.
515 1544 633 1595 Servilio
644 1545 736 1606 ltalia,
747 1545 779 1604 Q.
791 1545 868 1593 Mar-

59 1610 103 1662 oio
114 1609 285 1663 Macedonia
306 1612 433 1663 obvenit=
455 1612 620 1678 Latinisque
637 1614 722 1674 sotis,
742 1612 867 1662 Marcius

60 1679 203 1747 extemplo
216 1684 259 1731 est
270 1679 420 1746 profectus.
457 1682 596 1748 Caepione
611 1681 713 1732 deinde
727 1679 868 1730 referente

60 1749 251 1811 obsonatum,
273 1765 341 1815 quas
351 1764 386 1802 ex
396 1751 474 1801 novis
484 1750 642 1818 legionibus
659 1750 729 1800 dnos
744 1749 868 1814 legiones

60 1834 156 1873 seeum
170 1821 199 1870 in
216 1818 338 1871 Galliam
353 1820 478 1883 duceret,
500 1821 649 1872 decrevere
662 1818 775 1879 Patres,
796 1824 827 1867 ut
838 1818 867 1870 C.

62 1886 257 1957 subicimus.
265 1888 399 1939 Claudius
409 1896 553 1956 praetores
562 1905 596 1941 ex
606 1888 657 1951 his,
664 1903 731 1956 quas
743 1887 867 1955 scripsis-

59 1962 133 2020 sent,
143 1956 311 2024 legionibus,
322 1974 390 2024 quas
401 1960 550 2021 videretur,
562 1958 787 2010 consolidarent.
824 1958 867 2009 ln-

60 2027 145 2095 digoe
164 2026 274 2094 petiens
294 2035 455 2094 praetorum
476 2029 595 2080 arbitrio
615 2028 757 2080 consulem
778 2029 868 2080 subie-

60 2102 152 2157 ctum,
174 2097 288 2149 dimisso
300 2105 411 2162 senatu,
432 2099 467 2151 nd
477 2099 602 2151 tribunal
612 2105 772 2165 praetorum
789 2103 867 2149 stans

58 2165 228 2235 postularit,
250 2183 284 2219 ex
296 2169 537 2221 senatusconsulto
548 2170 721 2222 destinarent
731 2169 786 2220 sibi
797 2168 867 2218 duas

58 2237 194 2303 legiones.
229 2236 377 2290 Praetores
394 2238 514 2290 consulis
528 2240 557 2289 in
573 2239 702 2308 eligendo
720 2239 867 2289 arbitrium

59 2307 196 2359 fecerunt.
233 2305 367 2360 Senatum
387 2308 487 2361 deinde
510 2324 638 2362 censores
659 2312 799 2376 legerunt:
825 2306 865 2357 M.

60 2377 200 2430 Aemilius
212 2375 334 2443 Lepidos
346 2378 473 2445 princeps
485 2379 519 2428 ab
529 2379 621 2431 tertiis
632 2381 687 2430 iam
701 2378 865 2429 censoribus

55 2445 157 2500 lectus.
193 2446 305 2512 Septem
317 2464 332 2500 e
344 2454 444 2500 senatu
455 2448 539 2501 eiecti
550 2455 624 2498 sunt.
658 2448 689 2497 ln
701 2462 783 2497 censu
794 2444 875 2518 uesi-⁸

56 2516 160 2584 pientio
176 2518 272 2582 populi
289 2518 394 2570 milites
409 2533 443 2571 ex
454 2517 643 2572 Maeebon'me
665 2514 815 2567 exessus,
835 2519 891 2566 Ψ

60 2586 233 2651 quammulti
243 2587 376 2644 abessent
388 2592 424 2647 ab
436 2591 542 2664 signis,
553 2602 660 2642 sensus
670 2576 912 2634 besxixmmb·
923 2645 925 2652 ἲ

49 2653 169 2706 renerum
190 2658 349 2728 cogebant:
374 2680 484 2723 causas
506 2657 676 2735 stioesb'iis
694 2647 872 2702 missorum
885 2639 924 2671 es
