1860 2994
25 41 666 112 inminentem.[ocensem]
693 43 744 99 ιιι

18 145 91 196 eirca
102 146 250 209 tumulum,
268 160 347 212 quem
359 146 522 198 Callicinum
533 153 644 198 vocant.
676 146 747 201 Lae·

17 230 73 266 »rnu
86 216 173 282 Cotys
183 231 233 268 rex
245 222 375 282 praeerat
386 231 448 268 cum
462 216 589 268 omnibus
601 232 669 269 suae
681 232 747 284 gen·

17 285 136 352 equitum
156 286 267 337 ordines
285 286 356 338 levis
374 292 517 340 armatura
528 287 696 354 interposita
707 285 748 336 di·

17 354 113 406 uehat.
150 356 180 405 ln
195 354 294 407 dextro
306 372 391 408 cornu
400 357 571 409 Macedones
582 362 660 408 erant
671 355 749 422 equi-

18 425 176 477 intcrmixti
196 427 294 478 turmis
311 442 406 479 eorum
424 429 580 479 Cretenses.
616 426 691 477 Huic
706 439 750 475 ar·

17 511 71 549 trae
77 496 181 559 Medon
187 495 356 562 Beroeaeus,
368 497 507 565 equitibus
518 504 547 549 et
557 510 681 546 summae
688 508 751 560 par·

17 566 56 617 ius
65 567 150 618 Meno
161 568 360 635 Antigonensis
371 573 508 636 praeerat.
525 564 651 618 Proximi
662 566 752 616 corni·

17 639 195 689 constiterant
204 638 276 704 regii
287 638 404 704 equites,
423 643 453 688 et
462 636 578 687 mixtum
590 651 685 704 genus,
705 633 751 687 tle·

17 728 21 756 ι
30 707 151 772 plurium
163 708 286 772 gentium
297 707 416 757 auxilia:
426 705 570 757 Patrocles
580 706 751 773 Antigonen·

17 776 38 826 lc
47 781 75 827 et
86 775 224 827 Paeoniae
235 777 395 841 praefectus
400 775 490 827 Didas
500 780 580 827 erant
588 771 750 842 praepositi.

17 844 56 895 ius
73 847 194 896 omnium
211 860 262 896 rex
279 850 354 896 erat:
375 844 449 897 circa
461 858 524 896 eum
542 858 655 910 agema,
675 840 750 910 quod

17 918 60 975 nt,
71 913 251 980 equitumque
262 928 361 964 sacrae
371 912 441 966 alae.
457 916 527 964 Ante
538 929 568 965 se
579 913 680 967 statuit
690 910 750 962 fun·

17 980 750 1049 osiaculatoresque:quadringentorummanusutra·

17 1065 154 1103 sumerum
167 1049 305 1118 explebat.
332 1050 426 1102 Ionem
436 1049 712 1102 Thessalonicensem
722 1052 752 1100 et

17 1136 98 1174 mora
108 1120 247 1187 Dolopem
263 1120 299 1171 lir'
309 1118 454 1187 praefecit.
483 1119 530 1171 Sic
539 1119 612 1186 regii
622 1117 753 1169 constite-

40 1191 153 1254 Consul,
163 1191 239 1243 intra
247 1191 351 1243 vallum
362 1190 485 1258 peditum
497 1189 558 1241 acie
568 1191 713 1250 instructu,
723 1191 753 1239 et

17 1261 170 1328 equitatum
182 1275 290 1313 omnem
302 1276 365 1313 cum
376 1261 432 1314 levi
443 1267 586 1314 armatura
595 1259 684 1312 misit:
699 1270 751 1325 pro

17 1349 21 1378 ι
39 1331 170 1383 instructi
184 1339 258 1384 sunt.
294 1332 403 1385 Dextro
420 1347 506 1384 cornu
527 1330 705 1398 praepositus
721 1327 752 1379 C.

17 1399 70 1451 rius
81 1403 209 1465 crassus,
230 1402 354 1455 consulis
368 1401 470 1467 frater,
489 1417 551 1454 cum
563 1400 639 1454 omni
650 1397 751 1453 ltalioo

17 1475 81 1534 tatu,
96 1471 229 1523 velitibus
238 1472 421 1526 intermixtis:
444 1474 557 1525 sinistro
568 1472 608 1523 M.
618 1468 751 1525 Valerius

17 1539 84 1591 inus
100 1542 239 1593 sociorum
251 1555 285 1592 ex
295 1541 411 1594 Graecis
430 1542 540 1610 populis
551 1542 659 1608 equites
668 1538 752 1589 habe·

32 1615 61 1663 et
72 1610 194 1663 ciusdem
209 1611 302 1679 gentis
312 1611 400 1664 levem
411 1616 592 1663 armaturam.
628 1607 753 1660 Mediam

17 1695 40 1731 m
59 1683 146 1732 aciem
166 1695 227 1732 cum
239 1679 356 1733 delectis
367 1681 508 1747 equitibus
520 1675 753 1732 extraordinariis

17 1751 61 1801 iat
72 1750 105 1811 Q.
116 1751 235 1803 Mucius.
256 1749 376 1803 Ducenti
390 1752 496 1816 equites
507 1748 584 1801 Galli
595 1753 660 1803 ante
670 1747 755 1816 signa

17 1833 45 1870 m
62 1820 206 1883 instructi,
226 1827 255 1873 et
272 1820 307 1872 de
323 1820 436 1872 auxiliis
446 1819 579 1872 Eumenis
590 1819 753 1887 Cyrtiorum

17 1889 40 1939 is
50 1891 177 1941 trecenti.
198 1889 326 1942 Thessali
337 1889 536 1958 quadringenti
546 1889 654 1956 equites
664 1903 751 1957 parvo

17 1958 96 2011 rallo
107 1974 192 2026 super
204 1959 313 2011 lacrum
324 1976 410 2011 cornu
420 1958 516 2012 locati.
551 1960 689 2013 Eumenes
700 1972 751 2012 rex

17 2028 111 2109 iusque
122 2044 185 2081 cum
195 2030 269 2080 omni
278 2046 360 2082 manu
371 2044 422 2080 sua
433 2031 467 2082 ab
478 2036 559 2098 tergo
564 2030 640 2083 inter
645 2034 752 2096 postre-

17 2140 19 2147 ,
30 2112 120 2149 acrem
131 2115 164 2150 ac
175 2099 280 2151 vallum
289 2104 437 2152 steterunt

17 2166 74 2219 alX.
94 2169 125 2220 ln
146 2165 218 2219 hunc
233 2169 345 2220 niodum
359 2169 480 2222 maxime
494 2168 651 2221 instructae
666 2170 752 2235 acies,

17 2236 102 2288 ferme
111 2238 251 2304 utrimque
262 2254 390 2290 numerus
401 2240 525 2306 equitum
537 2255 571 2291 ac
581 2239 650 2291 levis
661 2254 751 2292 arma·

17 2322 39 2369 e,
60 2313 239 2371 concurrunt,
259 2324 276 2359 a
292 2308 477 2363 funditoribus
487 2307 751 2375 iaculatoribusque,

17 2384 225 2439 »raecesserunt
236 2378 345 2444 proelio
357 2384 428 2431 orto.
439 2378 528 2431 Primi
537 2378 657 2428 omnium
664 2377 753 2427 Thro-

17 2445 88 2499 haud
99 2463 178 2499 secus
190 2463 271 2514 quam
283 2448 330 2498 diu
341 2448 474 2502 claustris
481 2443 776 2500 retentaeierass'ffi

17 2519 57 2568 :ita
61 2519 81 2568 ti
94 2533 153 2568 cnm
163 2518 272 2586 ingenti
284 2518 414 2577 clamore
422 2523 457 2575 in
467 2521 610 2573 ueratrum
620 2507 795 2581 eornuslffffi·

21 2589 137 2652 equites,
148 2589 349 2670 incurrerunt,
356 2602 404 2674 ,ut
413 2589 568 2654 nantem
577 2573 801 2645 &mmm
