1860 2994
74 375 110 428 54
227 375 261 427 Τ.
282 372 391 428 lelt
411 370 453 441 [U.
463 371 492 425 C.
502 374 562 442 57⁰·
571 369 605 423 A.
616 370 646 422 C.
660 369 727 437 sun]

74 477 123 532 cit.
155 475 244 540 Quum
253 475 324 543 ipse,
343 492 378 528 ex
391 491 443 543 ouo
457 473 491 527 ab
502 472 590 525 Roma
607 471 691 534 redii,
709 476 878 540 perocculto

75 562 136 599 eum
157 545 213 596 suis
232 544 364 610 colloquio
384 544 442 596 dies
460 552 604 609 noctesque
621 541 785 602 insidietur,·
804 545 879 595 ultro

75 613 142 669 milei
152 631 206 667 non
214 612 384 666 insidiatoris
398 613 487 675 modo,
507 613 555 664 sed
567 609 683 664 latronis
697 610 843 682 manifesti
849 620 877 663 ιι
929 631 930 634 ¹

70 682 250 753 percussoris,
260 682 375 749 speciem
385 680 483 735 induit.
517 679 644 733 Pericula
653 695 701 731 suo
711 688 739 736 ιι
750 688 880 745 exterret,

74 762 106 805 ut
123 751 234 805 innoxio
249 751 345 824 fratri
360 767 411 818 per
430 751 575 803 eundemte
586 756 706 801 maturet
721 747 879 818 perniciem.

74 821 242 893 Perfugium
256 820 307 872 sibi
316 835 447 887 nusquam
458 819 583 888 gentium
602 834 657 871 esse
667 818 724 880 ait,
743 827 775 870 ιιι
787 834 879 888 egone
926 824 929 829 ’

74 891 149 958 apud
157 900 184 942 te
195 890 301 956 quidem
312 889 455 955 quicquam
466 888 524 955 spei
533 888 653 953 reliquae
663 885 784 941 mosen.
820 884 879 940 Gir·

73 968 250 1023 cumoentum,
264 962 358 1022 solam,
373 958 485 1024 inopem,
505 957 609 1011 invidia
617 957 731 1026 gratiae
742 963 879 1019 extersere,

73 1045 143 1098 quae
155 1027 229 1080 obest
241 1029 350 1096 potius,
370 1043 451 1096 qaam
458 1026 583 1094 prodest,
602 1036 706 1080 onerat.
740 1027 802 1079 Iam
813 1025 881 1078 iliad

74 1114 156 1165 quom
167 1097 353 1160 accusatorie,
375 1098 446 1164 qnod
459 1096 548 1149 noctis
562 1095 643 1150 isaias
659 1096 760 1148 crimen
770 1094 879 1147 nsiscuit

74 1184 135 1219 cum
147 1177 237 1220 cetero
248 1165 426 1221 insectatione
444 1166 517 1219 oitae
531 1168 623 1220 meae?
641 1175 674 1218 ut
688 1175 716 1218 et
728 1164 791 1227 deoc,
808 1165 880 1231 quod

72 1237 139 1301 ione,
159 1238 237 1306 quode
248 1236 293 1300 sit,
314 1235 395 1301 scies,
413 1245 563 1304 suspectum
573 1236 627 1289 olio
636 1235 711 1289 nitas
720 1243 830 1288 nostrae
840 1240 878 1286 te·

72 1323 138 1362 nore
144 1308 270 1379 faceret:
293 1314 321 1357 et
330 1304 405 1358 illam
415 1322 513 1359 nonam
524 1305 741 1359 criminationem
752 1302 819 1373 spei,
835 1318 879 1356 so·

74 1376 206 1440 luntatis,
228 1375 400 1428 consiliorum
414 1392 532 1429 meorum
551 1386 681 1429 nocturno
697 1373 752 1426 tue
765 1374 838 1444 ficto
851 1382 879 1426 ιι

75 1446 221 1514 composito
232 1445 525 1518 argumentofirtciret.
563 1444 652 1498 Simul
660 1454 688 1498 et
697 1445 767 1497 illud
776 1443 881 1512 amesi-

74 1516 131 1578 oit‚
151 1525 181 1568 ut
196 1515 336 1584 repentina
348 1523 375 1567 et
385 1513 493 1566 rninime
508 1523 680 1583 praeparato
693 1511 833 1567 accusatio
842 1511 881 1565 oi·

76 1587 204 1648 deretur,
225 1584 323 1653 quippe
338 1600 372 1636 erc
385 1582 472 1636 noctis
488 1581 568 1634 leuius
584 1594 657 1636 metu
675 1594 704 1637 et
713 1584 832 1636 tumultu
840 1598 881 1634 re·

72 1653 186 1721 pentino
198 1663 302 1706 exorto.
339 1649 471 1719 Oportuit
479 1661 579 1714 autem,
593 1652 706 1717 Persou,
724 1650 881 1722 siprods'tor

77 1738 127 1789 ego
140 1722 232 1789 patris
252 1721 381 1791 regnique
397 1737 484 1785 eram,
503 1720 601 1772 sicum
616 1722 760 1788 Romanis,
779 1721 804 1775 si
821 1736 880 1774 cum

76 1792 139 1845 otiis
149 1790 266 1844 inimicis
271 1790 364 1858 patris
375 1788 492 1856 inieram
502 1789 624 1854 consilia,
633 1810 686 1845 non
697 1800 882 1860 exspectatam

72 1861 200 1935 fabulam
216 1858 470 1923 morticiniorum,
488 1863 536 1913 sed
551 1861 718 1928 proditionis
735 1868 882 1914 snesearsts

77 1948 118 1984 ose
129 1940 301 1984 accusatum:
319 1929 343 1983 si
353 1930 403 1983 illa
413 1940 543 1998 separato
554 1930 587 1982 ab
598 1930 649 1985 itoc
660 1948 731 1985 nuno
742 1929 882 1984 accusatio

78 2009 148 2063 erat,
158 2000 338 2068 inuidiamque
349 2008 424 2053 tuam
435 2001 562 2053 odoersus
571 2017 612 2054 me
621 2002 718 2071 magis,
737 2017 820 2069 quam
830 1998 882 2053 cri·

78 2087 137 2122 men
148 2086 234 2120 oneum
245 2068 412 2133 indicatura,
431 2067 508 2123 tocie
520 2087 622 2138 quoque
633 2086 691 2123 eam
700 2077 752 2122 aut
759 2078 883 2136 praeter·

78 2137 166 2197 mitti,
187 2146 236 2188 aut
246 2137 275 2189 in
286 2137 362 2189 aliud
371 2146 472 2205 tempus
483 2139 607 2210 differri:
626 2150 659 2194 ιιι
669 2137 882 2209 perspiceretur,

77 2215 171 2258 utrum
183 2205 307 2272 egotibi,
323 2222 359 2258 an
370 2215 402 2258 tu
412 2207 492 2274 milei,
513 2227 580 2264 nono
591 2211 698 2280 quidem
709 2218 737 2263 ιι
746 2206 884 2278 &walari

74 2289 175 2356 genere
187 2273 255 2337 odii,
275 2273 389 2328 insidias
398 2278 523 2349 fecisses.
557 2281 622 2351 Ego
632 2291 735 2342 tamea,
751 2287 883 2346 quamn

77 2361 108 2396 sn
118 2341 169 2394 isac
181 2343 272 2395 subita
281 2347 489 2413 perturbatione
500 2358 606 2417 potero,
621 2349 752 2420 separabo
763 2364 805 2413 eo,
815 2362 883 2416 quas

77 2421 109 2465 ta
120 2412 287 2480 commedisti:
310 2425 337 2467 ιι
346 2417 433 2470 noctis
444 2417 523 2470 deuius
534 2419 662 2484 insidias,
678 2427 729 2472 aut
739 2428 816 2482 tuns,
834 2423 883 2469 eut

39 2514 46 2525 ·
77 2483 302 2554 meandetegam.
332 2483 682 2543 Occidendisuiconsilium
693 2483 883 2550 metuissent

76 2550 136 2634 deri
155 2554 228 2605 sote.-
249 2555 417 2619 concilicet,
437 2557 540 2611 maiore
555 2559 654 2630 fratre
668 2559 786 2624 subiato,
806 2557 883 2612 cuius

74 2637 135 2675 ιιιιι
145 2624 280 2690 gentium,
290 2641 363 2678 more
374 2626 562 2691 Macedonum,
571 2637 620 2681 tuo
631 2630 724 2694 etiam,
738 2638 772 2682 ut
780 2627 832 2692 eit,
841 2627 882 2680 iss·

75 2691 145 2743 dicio
158 2710 271 2763 regnum
282 2705 323 2748 est
328 2695 469 2766 ficturum,
477 2715 526 2766 ego
539 2697 627 2751 minor
634 2699 664 2753 in
674 2701 740 2762 eius,
751 2715 829 2768 quem
840 2711 882 2750 oc·

76 2761 207 2830 uidissem,
227 2766 393 2820 succederem
405 2768 501 2821 docum.
538 2766 612 2831 Quid
622 2787 687 2842 ergo
696 2770 746 2827 illa
757 2768 809 2825 sits·
823 2766 880 2825 ous't
923 2780 927 2785 '

56 2846 139 2902 pars
151 2841 246 2890 altera
262 2835 408 2901 orationis,
428 2853 482 2906 qua
492 2836 628 2894 Romanos
644 2858 662 2895 a
673 2859 714 2895 me
728 2844 816 2896 cultos
828 2842 879 2904 nit,

49 2913 142 2970 atque
155 2923 254 2964 eorum
262 2906 383 2980 fiducia
395 2907 428 2968 in
440 2925 518 2984 spem
526 2912 611 2986 segni
622 2929 667 2969 ιιι
677 2911 799 2966 senisse}
817 2912 889 2963 usn
