1860 2994
87 128 137 181 tlt
233 130 266 178 Τ.
285 125 392 178 LlVll
414 126 456 194 [U.
469 128 497 177 C.
510 124 567 194 577.
580 123 611 176 A.
624 119 654 174 C.
670 122 739 192 175·l

85 236 120 277 hie
129 235 261 290 pestilentia
271 234 376 282 infamis,
395 245 451 285 qnae
463 232 570 272 tamenin
580 235 681 271 armento
689 234 777 271 tantum
791 237 893 282 grassum

85 295 126 334 est.
156 290 261 340 Ligures,
272 302 327 340 gens
338 289 507 344 sempervicta,
523 299 614 340 semper
621 286 744 334 rebellans,
755 286 845 329 Lunam
854 288 891 330 Pi-

84 344 416 443 mquedspopulutifuerrnt.
446 341 521 385 Simul
536 341 671 385 otGallieus
689 342 800 385 tumultus
818 343 890 385 incre·

84 404 173 456 puerei.
223 400 317 457 epium,
328 399 445 442 Gallorum
453 405 516 442 motu
525 399 594 441 facilc
603 411 745 453 compresso,
761 399 787 440 in
796 398 894 450 Ligures

85 454 233 501 transcendit.
263 455 358 510 Aliquot
377 455 455 510 populi
472 468 523 498 sese
542 455 591 498 eius
611 455 704 497 arbitrio
728 454 894 510 permiserunt:

99 524 153 562 uos,
168 517 196 556 ut
204 514 260 555 snut
267 510 317 553 fere
326 512 408 554 similia
415 512 472 554 locis
480 512 592 554 cultorum
608 511 712 562 ingenia,
729 511 818 565 asperis
830 525 894 554 mon·

84 569 219 621 coniugis,
235 579 293 623 quae
300 562 442 622 incolebant,
462 567 554 611 efferari
564 571 640 616 runis,
654 566 795 622 quorundam
803 572 857 610 unte
867 580 892 610 se

9 631 14 640 “
84 634 203 679 consulum
211 632 326 687 exemplo,
334 631 447 689 inplere]
460 622 587 676 deduxit.

135 711 213 765 XIX.
231 708 306 778 [23.]
326 711 373 763 Cis
382 711 554 778 Apenninum
576 707 689 771 Garuli,
710 709 892 777 etLapieini,

87 788 117 834 et
134 780 290 845 Hercates3
321 786 397 832 trans
418 780 590 848 Apenninum
610 778 752 831 Briniates
770 778 893 833 fuerant.

87 852 164 902 lntra
174 851 316 903 Audenam
329 866 436 904 amnem
448 852 478 902 P.
488 849 599 900 Mucius
611 862 673 900 cum
682 848 896 916 iis,quiLunam'

87 920 222 987 Pisasque
234 920 399 987 depopulati
410 924 498 982 erant,
513 918 617 971 bellum
629 918 730 984 gessit:
751 919 892 970 omnibus·

87 1005 140 1057 que
152 991 180 1044 in
191 989 325 1041 ditionem
337 991 458 1042 redactis
469 1004 546 1042 arma
559 989 672 1040 ademit.
709 988 751 1039 0b
769 1003 818 1040 eas
837 1003 893 1051 res,

87 1062 117 1111 in
129 1059 223 1111 Gallia
233 1060 439 1129 Liguribusque
450 1067 543 1129 gestas
555 1059 673 1110 duorum
689 1059 833 1109 consulum
844 1058 893 1109 du·

89 1135 134 1182 otu
147 1129 338 1197 auspicioque,
358 1137 471 1184 senatus
486 1131 515 1180 in
531 1128 654 1179 triduum
676 1127 893 1195 supplicationes

89 1199 222 1264 decrevit,
234 1210 262 1252 et
274 1200 460 1269 quadraginta
471 1199 570 1251 hostiis
581 1197 734 1249 sacrificari
744 1198 836 1249 iussit.
855 1196 894 1248 Et

87 1271 224 1321 tumultus
235 1270 347 1336 quidem
358 1270 485 1321 Gallicus
497 1275 525 1320 et
535 1268 712 1335 Ligustinus,
731 1267 778 1335 qui
793 1267 894 1334 princi·

88 1339 135 1405 pio
147 1339 206 1389 cius
218 1339 284 1389 anni
295 1345 407 1390 exortus
417 1335 598 1400 fuerat,haud
608 1352 709 1404 magno
723 1342 825 1389 conatu
832 1338 894 1389 bre·

88 1408 114 1458 vi
128 1421 275 1472 oppressus
286 1412 356 1458 erat.
390 1408 465 1460 Belli
474 1406 650 1458 Macedonici
660 1408 772 1459 subibat
781 1410 836 1460 iam
848 1422 894 1458 cu·

88 1491 132 1537 ra,
151 1476 287 1527 miscente
302 1476 405 1528 Perseo
424 1477 500 1528 inter
515 1477 665 1528 Dardanos
686 1477 894 1543 Bastarnasque

89 1544 252 1597 certamina:
264 1551 292 1598 et
303 1546 401 1614 legati,
410 1548 455 1616 qui
466 1548 544 1599 missi
558 1548 648 1599 adres
660 1547 790 1599 visendas
800 1548 829 1598 in
835 1547 894 1598 Ma·

89 1614 234 1666 ccdoniam
245 1621 338 1679 erant,
349 1617 403 1669 iam
414 1623 588 1670 reverterant
599 1618 733 1679 Romam,
753 1617 893 1668 renuntia·

69 1737 73 1745 ,
89 1692 248 1752 verantque,
259 1687 365 1739 bellum
376 1688 406 1738 in
416 1688 561 1755 Dardania
572 1702 641 1738 esso.
661 1685 749 1738 Simul
760 1692 894 1739 venerant

90 1761 119 1806 et
130 1757 163 1807 ab
175 1771 241 1824 rege
251 1757 353 1810 Perseo
364 1763 499 1819 oratores,
505 1758 552 1824 qui
560 1763 777 1825 purgarent‚nee
786 1758 893 1807 accitos

90 1825 124 1875 ab
135 1838 168 1876 eo
178 1828 347 1889 Bastarnas,
367 1843 418 1879 nec
439 1833 554 1878 auctore
573 1839 606 1874 eo
626 1826 771 1891 quicquam
790 1825 892 1878 facere.

89 1893 208 1945 Senatus
218 1910 269 1946 nec
279 1896 410 1948 liberarit
424 1898 483 1947 eius
499 1893 598 1959 culpae
613 1906 722 1958 regem,
744 1906 835 1959 neque
852 1910 893 1947 ar·

88 1961 162 2028 gnit:
173 1965 282 2014 moneri
293 1978 356 2015 eum
366 1963 559 2015 tantummodo
570 1961 661 2021 iussit,
667 1966 698 2009 ut
709 1960 796 2012 etiam
807 1968 893 2032 atquo
929 1998 930 2020 i

89 2030 172 2081 etiam
185 2038 309 2095 curaret,
328 2038 496 2083 utsanctum
512 2020 614 2082 habere
634 2029 748 2094 foedus,
769 2032 845 2097 quod
866 2035 893 2086 ei

89 2113 149 2150 cum
162 2097 295 2151 Romanis
306 2105 393 2162 esset,
409 2100 496 2151 videri
507 2106 610 2166 posset.
646 2100 787 2164 Dardani,
809 2119 893 2170 quum

86 2168 304 2221 Bastarnasnon
314 2170 398 2221 modo
409 2185 463 2221 non
475 2169 608 2221 excedere
619 2170 719 2221 finibus
731 2172 802 2236 suis,
818 2173 892 2240 quod
929 2168 930 2179 ¹

87 2246 280 2304 speraverant,
301 2239 350 2291 sed
368 2240 509 2306 graviores
527 2240 587 2291 fieri
609 2244 638 2292 in
659 2241 719 2292 dies
741 2250 891 2304 cernerent,

87 2304 216 2357 subnisos
227 2308 367 2361 Thracum
379 2310 537 2361 accolarum
550 2315 577 2361 et
589 2309 799 2363 Scordiscorum
814 2312 890 2364 auxi·

88 2377 143 2437 liis,
162 2376 318 2429 audendum
328 2379 435 2446 aliquid
446 2380 491 2432 vel
501 2386 604 2433 temero
614 2381 688 2445 rati,
708 2382 891 2434 omnesundi·

89 2461 140 2512 qne
152 2447 251 2498 armati
262 2448 298 2500 ad
310 2449 453 2517 oppidum,
474 2450 547 2516 quod
560 2452 714 2517 proximum
727 2451 827 2503 castris
837 2451 890 2504 Ba·

88 2523 245 2569 starnarum
257 2525 327 2582 erat,
338 2521 524 2572 conveniunt·
550 2521 649 2572 lliems
660 2528 734 2583 erat,
746 2528 775 2573 et
785 2519 815 2571 id
826 2520 889 2571 anni

81 2588 364 2659 tempuselegerant,
385 2595 417 2641 ut
428 2588 550 2642 Thraces
561 2588 752 2657 Scordiscique
772 2593 801 2641 in
822 2590 889 2642 fines

64 2669 137 2706 siros
147 2660 273 2719 abirent.
303 2661 388 2730 auco
398 2662 450 2720 ubi
459 2662 503 2718 ita
512 2659 676 2727 lactum,et
684 2660 891 2712 salusiamesse
