1860 2994
166 43 221 97 auo
316 44 349 94 r.
368 40 476 93 nrvrr
495 39 735 108 [uaesano.
749 39 819 110 ιιι]

169 150 285 202 alterius
299 149 414 199 initium
426 149 525 228 pontis·
532 147 642 228 prolabi
659 162 719 197 eum
732 146 861 197 lenitura

169 221 223 272 lilii
235 218 377 284 elephanti
387 218 504 284 pedibus
517 216 691 277 insistentes,
712 215 761 267 alii
774 215 861 268 olunil

171 289 302 350 sidentes,
319 288 545 365 prolabebantur.
574 286 627 337 [lbi
636 285 767 352 planities
779 286 861 338 alteri

171 358 327 423 excepisset
342 360 406 418 eoa,
427 371 522 407 rursus
533 355 619 406 simili
633 356 717 406 ruina
726 354 861 411 inferioris

172 426 377 487 deferebantur,
387 392 476 477 ilonea
487 425 523 476 ad
535 425 693 490 aequiorem
701 424 861 506 rullo'mpet

131 493 159 523 ⁹·
172 501 224 550 eat.
260 494 359 548 Paullo
376 494 439 561 plus
455 500 563 561 septem
578 493 668 544 millia
679 493 724 546 die
736 486 859 545 Romani

171 571 281 629 seruut3
301 564 447 616 minimum
465 564 583 630 pedibus
599 563 708 614 itineris
720 561 861 614 ooufeotur

172 644 289 701 rumque
308 633 508 701 provolventes
530 649 561 685 so
579 632 662 683 simul
676 647 738 683 eum
757 631 861 683 armisr

137 756 141 763 ,
171 703 313 766 oneribus,
324 719 386 756 oum
399 703 475 755 onim
485 717 587 771 genere
595 701 752 754 vexationis
753 716 861 768 ,procer

156 772 243 826 'aileu
253 779 286 823 ut
296 788 330 825 ne
340 770 398 825 oux
409 772 524 838 quidem
533 779 563 824 et
573 776 671 823 auctor
680 771 789 822 itineris
799 772 861 824 iulit

93 905 96 911 ¹
171 840 861 911 parramanudelariomnemexereitumpotuiaae

99 914 106 927 “
172 911 515 979 admodieomplauitiem
527 916 726 979 pervenerunt:
745 914 845 978 sieque,

171 983 357 1037 atuaialoeua
366 986 452 1045 osset,
468 987 581 1049 saeptus
590 980 720 1048 undique
737 981 861 1048 circnma

171 1054 291 1122 spatium
302 1051 365 1106 fuit.
401 1048 459 1104 Vix
473 1051 588 1105 taudem
599 1066 635 1103 ex
645 1051 790 1118 insperato
800 1050 861 1105 stul

170 1123 356 1197 insistendum
367 1121 457 1172 nautia
468 1121 559 1172 looum
571 1127 686 1188 postero
697 1136 808 1188 quoque
820 1121 861 1173 dit

172 1192 243 1246 'eam
252 1193 326 1247 valle
335 1191 459 1258 opperiri
450 1189 630 1257 Popillium,
647 1205 681 1241 ae
691 1190 804 1242 relictas
816 1206 861 1243 our

171 1263 249 1330 pias,
270 1259 471 1315 uoeeaaeiuitt
494 1260 724 1327 quaesiimus,
745 1276 861 1327 quumu

172 1336 253 1402 porte
270 1329 530 1386 boatiaterruiaaet‚
550 1328 676 1380 locorum
689 1329 861 1397 asperitaalt

115 1424 119 1429 -
173 1400 293 1454 vexarit.
304 1399 403 1451 'l'ertio
414 1399 460 1453 dio
470 1397 628 1450 coniunctis
638 1400 726 1466 copiis
737 1408 803 1453 eunt
813 1416 861 1468 per

105 1492 108 1497 ·
194 1485 256 1523 uem
272 1468 383 1521 incolae
401 1468 581 1536 Callipeucen
603 1471 755 1536 appellant.
792 1471 861 1532 Quor

174 1487 862 1679 islanorumaurisiensis

397 1645 405 1673 5

175 1688 204 1732 et
213 1682 286 1734 mari
298 1679 567 1748 appropinquabant,
586 1679 712 1747 degressi
722 1681 751 1730 in
763 1695 859 1747 campo

177 1751 343 1803 Heracleum
357 1756 387 1800 et
399 1749 564 1802 Libethrum
574 1757 727 1816 posuerunt
739 1756 860 1816 castrap

175 1834 293 1886 paurum
304 1833 369 1884 paro
379 1820 469 1869 maior
479 1818 603 1869 tumulos
614 1819 737 1879 tenebat,
752 1817 793 1868 lbi
805 1821 861 1870 vall

175 1902 232 1954 ‘¹¹¹⁰
245 1886 861 2008 {illinitilibitinarii&
