1860 2994
76 302 94 350 2
204 290 364 364 murum
382 293 714 366 [tremescens]
796 312 799 317 ·

78 410 162 463 crisos
171 406 360 461 Metuainum
368 406 515 473 mirmur,
523 424 624 463 rerem
632 408 686 461 stis·
695 418 808 465 mortens
820 430 880 466 eon-

76 478 162 532 sciuit.
199 477 283 531 Porto
302 492 396 530 nemen
415 492 531 559 meque,
556 480 613 533 dux
630 476 816 543 Actaeorum,
837 483 880 534 eir

76 548 217 609 reteximus,
228 565 245 599 o
289 546 399 601 reseniis
410 556 587 616 toteremptuo
598 564 791 617 serenantem
802 550 835 603 ob
846 552 881 603 iit

76 621 141 672 betto
160 626 257 684 coptus
274 625 350 668 esset.
389 615 516 669 Coloniae
526 616 670 683 Potentia,
689 627 716 670 et
725 618 880 685 Pisaurum,

76 699 102 741 et
113 687 236 747 Mutina,
257 693 284 737 et
294 685 398 739 Parma
409 687 540 738 deductae
556 696 628 739 sunt.
665 687 818 742 Praeterea
838 707 880 742 res

75 760 203 811 aduersus
216 754 364 808 Celtiberos
374 770 503 821 prospere
510 765 619 825 gestor,
639 765 669 808 et
679 757 762 811 t'nt‘tt'o
774 776 881 811 coutet·

74 845 123 894 que
133 825 193 877 tent
205 821 374 876 Macedonici
384 825 505 877 continet
512 841 524 885 ,·
535 825 612 877 cuiue
622 826 700 895 origo
712 826 775 880 inde
782 828 879 897 fluxit,

74 897 144 966 quod
153 893 295 961 Philippus
307 910 390 962 aegre
406 894 532 966 ferebat,
544 910 658 964 regnum
669 911 747 950 onum
756 898 880 951 imminui

74 985 90 1018 o
103 964 245 1023 Rooroam's,
266 972 293 1014 et
305 964 376 1028 quod
389 972 546 1033 cogeretur,
567 981 584 1017 o
599 964 752 1019 Taraciam
766 968 881 1035 aliisque

73 1036 138 1087 tucis
153 1032 448 1102 praesidiatorem.
523 1040 525 1045 ’

348 1156 597 1197 -···-'—·

161 1278 201 1350 n.
243 1278 421 1352 nrvrr
459 1232 784 1352 rnrnvrnr

248 1428 450 1486 LIBER
490 1424 700 1484 XXXIX.

70 1546 160 1628 Dum
180 1574 249 1627 haec
269 1575 408 1639 (simodo
429 1573 483 1627 hoc
503 1591 575 1628 anno
597 1583 662 1629 acta
680 1575 756 1641 sunt)
772 1576 878 1628 Romae

71 1653 207 1714 aguntur,
228 1645 357 1698 consules
372 1646 454 1697 ambo
472 1647 502 1698 in
515 1646 664 1714 Liguribus
674 1648 810 1714 gerebant
821 1647 878 1698 bal·

69 1717 136 1771 lum.
160 1718 188 1769 ls
200 1715 290 1768 hostis
300 1716 379 1768 velut
390 1721 472 1767 natus
484 1717 520 1769 ad
530 1716 725 1770 continentiam
736 1719 811 1768 inter
822 1732 878 1769 ma·

70 1804 190 1857 gnorum
199 1787 350 1839 intervalla
360 1786 498 1838 bellorum
512 1787 645 1839 Romanis
656 1787 810 1841 militarem
822 1785 878 1839 dis-

70 1858 201 1926 ciplinam
214 1863 286 1909 erat:
307 1872 359 1909 nec
370 1857 427 1908 alia
436 1859 582 1924 provincia
595 1858 716 1910 militem
732 1857 824 1924 magis
843 1856 877 1907 ad

68 1933 200 1981 virtutem
211 1929 339 1980 acucbat.
375 1926 446 1978 Nam
457 1930 532 1991 Asia,
542 1934 571 1981 et
581 1930 751 1978 amoenitate
760 1926 879 1985 urbium,

70 2005 98 2051 et
110 2000 190 2064 copia
199 1998 374 2048 terrestrium
385 1998 642 2064 maritimarumque
654 2009 759 2056 rerum,
772 1998 801 2046 ct
811 1993 878 2043 moi·

68 2069 132 2119 litia
142 2066 265 2119 hostium
276 2066 416 2133 regiisque
428 2066 535 2131 opibus,
547 2066 674 2127 ditiores,
684 2079 767 2132 quam
777 2060 878 2114 fortio·

67 2152 125 2198 res,
147 2137 286 2188 exercituo
297 2134 430 2187 iaciebat.
465 2134 619 2202 Praecipue
630 2136 681 2188 sub
697 2134 816 2201 imperio
829 2133 877 2184 Gn.

68 2205 170 2257 Manlii
190 2204 283 2256 solute
303 2221 336 2257 ac
357 2206 533 2294 negligenter
551 2203 640 2257 habiti
658 2210 733 2257 eunt.
778 2204 877 2270 ltaque

69 2278 196 2342 asperius
207 2274 303 2340 paullo
314 2275 370 2327 iter
379 2275 409 2326 in
419 2275 583 2339 'thraciaet
593 2274 776 2329 exercitatior
786 2272 878 2326 hostis

67 2361 171 2413 magna
191 2345 273 2398 clade
293 2360 341 2397 eoa
363 2346 521 2414 castigavit.
557 2345 587 2396 ln
609 2345 761 2414 Liguribus
782 2344 879 2395 omnia

69 2421 163 2477 erant,
184 2430 255 2483 quae
277 2416 395 2466 mititem
417 2417 587 2468 excitarent:
608 2415 672 2466 loca
692 2420 828 2466 montana
848 2416 878 2463 et

69 2499 179 2553 aspera,
191 2500 263 2551 quae
275 2486 382 2551 stipsis
394 2500 493 2552 capere
505 2486 586 2537 labor
597 2490 667 2547 erat,
679 2490 708 2536 et
719 2500 754 2536 ex
765 2494 879 2548 praeoc-

70 2556 177 2622 cupatis
190 2555 312 2607 deiicere
325 2555 446 2607 hostem:
467 2558 571 2608 itinera
581 2555 677 2616 ardua,
689 2558 823 2621 angusta,
839 2552 880 2601 in·

68 2624 277 2676 fastainsidiiss
298 2624 388 2676 hostis
399 2626 483 2686 levis,
503 2624 642 2689 etvelox,
662 2622 879 2689 (strepentium,

71 2696 119 2760 qui
131 2692 238 2745 nullum
250 2709 366 2762 usquam
383 2700 504 2761 tempus,
525 2694 631 2745 nullum
646 2692 738 2744 locum
756 2693 881 2759 quietum

69 2769 122 2812 arnt
142 2778 272 2815 securum
294 2780 356 2816 esse
377 2765 499 2816 sineret:
529 2764 700 2831 oppugnatio
721 2760 881 2815 necessaria
909 2798 913 2803 .

46 2831 232 2882 munsterum
243 2834 446 2898 castellorum,
465 2835 610 2890 laboriosa
620 2832 704 2889 simui
713 2829 880 2902 reticuisse·
