1860 2994
19 39 31 157 l
96 82 776 179 matibienses-18.[U.c.576.A.c.176.]
805 108 856 164 141

21 160 24 187 l

56 209 115 277 puli
125 210 259 261 Romani:
282 214 396 279 agrique
409 213 582 279 aliquantum
593 218 704 279 captum
710 249 719 276 ,
731 213 779 280 qui
790 216 858 267 mul-

55 281 92 332 tis
101 279 227 331 millibus
238 279 377 331 bominum
388 281 475 333 dividi
484 282 588 333 viritim
601 288 703 348 posset.
870 297 873 305 ·

108 346 197 400 xvii.
216 347 289 416 [at]
308 351 345 401 Et
354 351 400 402 Ti.
412 351 592 419 Sempronius
614 352 710 403 eedem
731 357 859 419 tempore

58 416 228 470 lnSardinia
248 420 344 471 multis
364 421 492 472 secundis
511 422 628 489 proeliis
639 421 742 472 Sardos
763 423 860 488 perdo·

23 480 29 559 Ι
58 489 135 541 muit.
160 487 322 549 Quindecim
333 491 423 541 millia
432 489 553 542 hostium
567 497 629 542 sunt
640 506 731 542 caesa.
759 493 861 543 Omnes

57 556 207 610 Sardorum
219 559 378 626 populi‚qui
386 558 591 624 defecerant,in
603 561 739 612 ditionem
745 561 861 612 redacti.

57 625 252 695 stipendiariis
264 631 526 697 veteribus-duplex
545 632 666 698 vectigal
686 631 862 697 imperatum,

58 702 254 766 exactumque:
274 703 360 752 ceteri
372 701 541 753 frumentum
553 701 738 753 contulerunt.
755 700 862 752 Pacata

57 768 218 835 provincia,
240 770 437 837 obsidibusque
448 787 482 822 ex
492 776 555 822 tota
566 770 658 821 insula
670 770 795 822 ducentis
811 768 863 820 tri·

23 836 28 899 ¹,
58 836 139 904 ginta
151 839 283 903 acceptis,
292 840 380 907 legati
390 842 514 902 Romam,
525 840 572 906 qui
583 854 617 892 ea
626 840 793 900 nuntiarent,
799 840 864 889 niis·

25 906 28 913 '
59 907 98 971 si3
118 906 220 974 quique
232 909 266 959 ab
279 916 377 960 senatu
389 913 528 974 peterent,
549 913 581 959 ut
593 911 629 960 ob
639 924 685 961 eas
697 925 755 971 res,
777 909 863 959 ductu

58 976 238 1044 auspicioque
250 978 295 1028 Ti.
307 977 463 1042 Sempronii
473 992 605 1045 prospere
614 984 723 1046 gestas,
745 977 797 1028 diis
813 978 863 1027 irn-

25 1054 29 1085 -'
58 1046 226 1097 mortalibus
243 1045 331 1096 honos
350 1044 514 1108 haberetur,
535 1047 642 1114 ipsique
663 1047 808 1098 decedenti
828 1046 864 1097 de

57 1115 200 1183 pruvincia
210 1115 361 1167 exercitum
374 1130 466 1167 secum
479 1115 628 1183 deportare
642 1116 746 1168 liceret.
780 1113 864 1166 Sena·

59 1190 105 1236 tus
110 1219 119 1247 ,
129 1185 160 1235 in
172 1184 240 1236 aede
252 1185 387 1252 Apollinis
398 1185 556 1252 legatorum
567 1184 660 1237 verbis
672 1185 776 1237 auditis
781 1219 789 1244 ,
800 1196 865 1248 sup·

59 1253 239 1321 plicationem
248 1256 277 1307 in
288 1255 405 1307 biduum
412 1255 576 1317 decrevit,et
583 1254 771 1322 quadraginta
779 1253 866 1303 maiu-

58 1323 136 1376 ribus
146 1322 244 1375 hostiis
260 1325 387 1378 consules
398 1326 555 1377 sacrificare
566 1325 661 1376 iussit:
682 1324 725 1375 Ti.
736 1322 866 1389 Sempro·

10 1399 13 1410 '
60 1393 136 1445 nium
146 1394 340 1460 proconsulem
353 1396 562 1463 exercitumque
573 1410 606 1448 ee
618 1410 691 1446 anno
705 1395 735 1444 in
754 1391 866 1461 provin-

10 1476 13 1499 ¹
60 1461 236 1515 eiamanere.
271 1466 393 1517 Comitia
408 1466 506 1518 deinde
526 1466 646 1518 consulis
666 1467 747 1516 unius
768 1464 866 1514 subro-

10 1537 12 1546 ’
26 1576 29 1591 ,
48 1546 50 1551 ·
60 1532 152 1601 gandi,
163 1548 233 1599 quac
243 1535 272 1585 in
284 1542 347 1588 ante
358 1537 431 1587 diem
443 1535 557 1586 tertium
568 1536 662 1586 Nonas
673 1533 794 1587 Sextiles
806 1531 865 1583 edi-

10 1606 12 1616 *
61 1608 210 1665 ctaerant,
233 1618 267 1655 eo
282 1604 344 1671 ipso
365 1604 410 1656 die
432 1610 497 1655 sunt
517 1603 653 1656 confecta.
690 1601 865 1664 Q.Petillius

25 1664 30 1709 l
62 1671 160 1724 consul
170 1673 322 1741 collegam,
342 1675 389 1740 qui
399 1673 540 1739 extemplo
551 1674 745 1740 magistratum
760 1669 864 1733 occipe·

10 1751 32 1797 'i
60 1747 112 1802 ret,
125 1744 230 1794 creavit
242 1745 271 1793 C.
285 1742 429 1794 Valerium
439 1743 601 1794 Laevinum.
637 1741 677 1801 Is,
692 1738 866 1790 ianrdiucu·

10 1818 14 1829 '
61 1810 323 1879 pidusprovinciae,
345 1828 429 1879 quum
451 1815 623 1878 opportunae
641 1805 787 1875 cupiditati
805 1807 865 1858 eius

10 1874 13 1904 ²
61 1880 161 1932 literae
173 1881 276 1933 allatae
287 1889 390 1944 essent,
401 1882 520 1949 Ligures
530 1879 691 1942 rebellasse,
701 1878 787 1930 Nonis
798 1874 865 1928 Sex·

10 1953 16 1964 “
60 1950 158 2001 lilibus
169 1951 328 2017 paludatus,
339 1953 430 2004 literis
443 1950 555 2010 auditis,
565 1950 699 2000 tumultus
711 1947 769 2000 eius
781 1959 868 1998 causa

9 2026 17 2037 ·
61 2019 202 2085 legionem
221 2023 333 2073 tertiam
354 2022 389 2075 ad
410 2023 439 2072 C.
452 2019 597 2071 Claudium
621 2017 816 2085 proconsulem
836 2018 866 2068 in

9 2083 17 2115 ¹
62 2087 184 2140 Galliam
199 2091 340 2156 proticisci
349 2092 446 2154 iussit;
466 2098 495 2142 et
506 2089 667 2140 duumviros
681 2087 793 2139 navales
804 2100 867 2138 cum

10 2170 16 2195 ⁸
62 2158 151 2210 classe
162 2159 241 2210 Pisas
253 2160 303 2223 ire,
315 2162 362 2228 qui
372 2160 509 2227 Ligurum
522 2175 608 2221 oram,
618 2160 787 2209 maritimum
800 2171 869 2224 quo·

10 2231 18 2242 '
61 2230 465 2296 queterroremadmoventes‚
488 2230 775 2281 circumvectarentur.
812 2227 869 2277 Ee·

10 2289 19 2325 ³
62 2298 124 2350 dem
136 2306 165 2350 et
172 2302 204 2362 Q.
213 2300 338 2351 Petillius
350 2302 446 2352 consul
459 2299 494 2352 ad
507 2298 724 2350 conveniendum
732 2293 868 2348 exercitui

63 2366 135 2419 diem
146 2369 280 2422 edixerat.
316 2372 354 2421 Et
367 2373 395 2422 C.
407 2370 540 2420 Claudius
550 2368 708 2435 proconsul,
719 2366 868 2417 additare·

12 2499 19 2513 .
60 2437 184 2490 bellione
195 2440 344 2507 Ligurum,
368 2446 481 2507 praeter
497 2454 543 2491 eas
561 2438 669 2504 copias,
689 2452 757 2503 quas
774 2449 868 2486 secum

13 2521 20 2543 ⁹
61 2505 178 2560 Parmae
189 2507 319 2572 habebat,
331 2511 474 2570 subitariis
486 2509 615 2562 collectis
624 2507 787 2565 militibus,
801 2513 884 2551 enen·

10 2568 27 2645 ³,
62 2578 147 2629 citum
160 2581 193 2629 ad
205 2580 419 2648 iinesngurum
434 2581 576 2636 admovit.
834 2634 852 2645 ..

104 2645 203 2700 ΜΠ·
219 2648 299 2719 [220]
313 2652 427 2710 Hostes
440 2656 495 2711 sub
510 2656 680 2712 adventum
688 2652 726 2730 tt.
736 2635 883 2697 Claudii,
902 2638 927 2672 ‘n
