1860 2994
10 39 23 117 Ι
72 184 97 201 .-
108 108 183 164 iarn.
193 108 294 165 xlrv.
305 111 379 166 Cir.
391 109 433 164 al.
445 111 487 167 32.
500 110 722 180 [U.C.584.A.C.
731 115 802 181 ron]
824 114 878 172 280

71 217 247 286 conglobati,
270 232 354 285 quum
366 219 481 271 ducenti
496 218 616 286 amulius
626 219 656 272 in
666 219 736 286 ipsis
749 218 880 275 faucibus

70 298 171 357 portae
183 287 362 351 cecidissent,
378 294 492 341 tantum
509 288 665 343 intulerunt
675 295 828 354 terrorem,
848 298 881 344 ut

72 362 201 409 oratores
221 360 361 425 extemplo
380 359 418 411 ad
439 365 598 426 praetorem
617 360 746 413 mitteret
761 360 880 413 Gentius

68 427 221 479 Teuticum
233 427 387 492 etBellum,
399 430 541 498 principes
549 429 649 498 gentis,
659 444 711 497 per
721 444 792 498 quos
803 431 883 483 indu·

10 528 12 537 ·
62 495 129 549 tias
141 502 275 565 meteret,
295 505 327 551 ut
343 499 500 553 deliberare
514 501 551 553 de
566 505 644 553 statu
658 514 751 553 rerum
769 516 884 554 suarum

10 584 17 641 ζ
61 573 177 634 ¹posent.
213 567 321 627 Triduo
336 568 368 622 in
384 569 439 623 hoc
452 570 534 634 dato,
556 585 639 637 quum
651 569 884 624 castrallomuna

10 638 22 714 ;
67 636 238 705 affingentes
258 637 349 693 fenne
368 655 467 708 passus
486 641 521 692 ab
534 640 603 693 urbe
615 642 764 703 abessent,
784 655 884 693 navem

10 716 33 783 ᾗ·
63 706 248 769 conscendit,
268 712 298 760 et
315 706 430 761 ilumine
444 709 596 763 Barbanna
611 711 775 781 naviget-in
789 710 883 765 lacum

10 789 26 831 ιι
58 774 243 842 ⁴brabantum,
258 778 340 831 ¹velut
354 783 493 830 secretum
509 779 604 831 locum
616 779 882 846 petemudconsul-

10 836 27 924 ἦ
69 844 202 921 tandum3
223 847 286 910 sed,
306 853 339 899 ut
349 847 492 914 apparuit,
508 847 585 899 falsa
593 863 643 914 spe
652 850 779 913 excitus,
797 851 882 903 cam-

17 923 28 987 f
69 917 195 967 vantium
206 915 332 980 fratrem,
348 917 582 969 multis-millibus
592 923 765 969 armatorum
775 919 882 973 cantis

10 1046 24 1083 Ι
69 1000 106 1039 ex
117 1001 153 1040 ea
162 986 290 1051 regione,
300 988 330 1067 in
342 1001 425 1053 quarn
435 988 620 1069 missusuerat,
631 986 794 1070 altentare.
815 988 883 1052 alul

10 1110 38 1173 a·
60 1094 69 1163 Ι
88 1056 883 1192 thtttnttttistrictitate&itabant

10 1190 23 1225 i
59 1194 190 1256 -auntiis,
210 1199 243 1245 ut
257 1194 311 1245 sibi
327 1193 490 1261 appellandi
503 1194 884 1263 ‚praetoriapotettusiiereb

26 1274 34 1279 ·
71 1264 155 1332 eopia
165 1262 249 1325 lacta,
260 1264 289 1314 in
301 1264 490 1317 castraverit.
516 1265 554 1316 Et
565 1262 735 1331 principium
746 1262 883 1318 orationis

70 1334 108 1387 ab
126 1335 304 1386 accusatione
320 1334 462 1386 stultitiae
482 1348 563 1386 orsus
582 1349 663 1398 suae,
682 1339 825 1401 postremo
847 1330 883 1385 ad

71 1418 171 1472 preces
183 1404 372 1472 lacrimasque
390 1404 508 1471 effusos,
528 1405 644 1471 genibus
661 1402 884 1472 praetoria-acci·

73 1473 153 1536 dens,
168 1472 196 1524 in
209 1479 379 1540 potestatem
391 1491 453 1527 sese
464 1473 551 1527 dedit.
586 1473 690 1538 Primo,
709 1475 813 1545 bouum
825 1471 884 1525 ani·

71 1555 148 1595 mum
160 1540 262 1596 habere
272 1544 380 1606 iussus,
401 1544 436 1595 ad
453 1560 568 1597 coenam
584 1545 668 1597 etiam
681 1544 832 1606 inritatus,
853 1541 884 1594 in

72 1600 170 1665 urbem
183 1613 218 1664 ad
228 1628 296 1665 suos
305 1612 399 1675 rediit,
411 1618 441 1665 et
453 1628 512 1665 cum
527 1620 658 1680 praetore
667 1629 701 1665 eo
712 1615 759 1665 die
769 1611 883 1665 bonori-

71 1684 334 1750 mesopontus:
353 1681 456 1735 deinde
475 1683 505 1733 in
517 1682 674 1733 custodiam
685 1683 715 1733 C.
727 1683 825 1733 Cassio
835 1683 884 1732 tri·

69 1754 150 1806 buno
159 1752 279 1803 militum
290 1751 474 1814 traditus‚vix
481 1751 774 1819 gladiatorioaccepto
787 1750 883 1801 decem

10 1846 14 1874 ι
61 1822 238 1877 'talentis-ub
250 1837 325 1890 rege,
336 1835 395 1884 rex,
406 1827 438 1872 ut
449 1821 477 1871 in
489 1835 551 1872 eam
563 1819 706 1872 fortunam
717 1818 865 1871 recideret.

10 1888 14 1915 ²
124 1892 242 1947 XXXll.
261 1893 395 1953 'Anicium
425 1889 532 1943 Scodra
552 1894 678 1956 recepta,
703 1889 777 1940 nibil
798 1890 885 1955 prius,

69 1976 159 2031 -quum
171 1962 322 2030 requisitos
332 1960 475 2014 Petillium
488 1959 711 2026 Perpennamque
726 1959 838 2025 legatos
849 1956 886 2010 ud

68 2049 108 2087 oe
117 2031 191 2094 duci,
201 2033 294 2083 iussit.
321 2031 430 2094 Quibus
441 2030 591 2098 splendore
603 2045 654 2081 suo
666 2028 808 2091 restituto,
820 2027 886 2080 Per·

75 2116 191 2173 pernam
204 2102 342 2168 extemplo
354 2102 443 2152 mittit
451 2100 487 2151 ad
497 2096 884 2167 comprehendendosanrieus
918 2152 925 2167 f

76 2174 268 2240 cognatosque
277 2172 366 2238 regis:
389 2171 444 2240 qui,
460 2172 632 2233 Meteonem,
643 2169 808 2222 Labeatium
820 2182 886 2234 gen·

75 2244 116 2295 tis
128 2242 234 2302 urbem,
244 2240 396 2306 profectus,
405 2241 535 2293 Etlevam
546 2256 661 2292 uxorem
673 2240 805 2293 cumilliis
816 2238 885 2291 duo·

76 2313 144 2374 bus,
166 2309 348 2363 Scerdilaedo
360 2311 557 2378 Pleuratoque,
580 2300 887 2362 &Carauantium-fra·

78 2387 153 2434 trem
164 2379 296 2433 Scodram
309 2381 338 2432 in
350 2387 444 2433 castra
454 2380 580 2432 adduxit.
600 2378 722 2443 Anicius,
731 2379 810 2430 bello
820 2376 887 2442 illy-

78 2451 125 2505 rio
139 2451 216 2502 intra
231 2451 350 2518 triginta
364 2451 429 2503 dies
449 2450 587 2516 perfecto,
605 2450 732 2501 nuntium
748 2444 887 2497 ricttrriae

76 2521 248 2588 Perpernam
260 2521 376 2572 Romani
394 2520 484 2572 misit:
506 2525 536 2572 et
550 2523 615 2586 post
627 2518 686 2569 dies
697 2528 803 2582 paucos
813 2512 887 2590 ilen-

80 2592 151 2642 tium
160 2606 254 2658 regem
266 2590 357 2656 ipsum
370 2594 574 2656 cunnpnrente,
589 2589 726 2654 coniuge,
736 2582 861 2633 libonis,
870 2587 912 2620 aa
