1860 2994
131 125 205 178 Lrn.
216 122 315 179 XLIV.
324 114 432 181 crab.
445 122 484 178 iu
497 108 798 196 [u.c.583.r.c.169.]
821 102 876 185 Ν
901 74 907 87 ⁹

10 250 12 257 ·
69 231 136 294 ruit,
152 230 234 298 quod,
249 236 277 283 et
287 231 316 282 in
326 230 419 284 fronte
429 236 561 292 extrema,
576 233 604 280 et
616 244 651 280 ex
660 229 806 294 latoribus,
819 232 877 284 soii

69 316 127 353 non
139 298 280 352 habebant
291 316 375 368 super
386 300 477 369 capita
488 300 564 352 elata
576 304 668 362 scuta,
686 315 721 352 ne
738 301 876 353 nudarenl

55 383 204 437 „corpora3
225 369 274 423 sed
291 377 437 437 praetenta
452 367 631 438 pugnantium
649 384 735 420 more.
770 371 875 422 ltunec

10 500 13 507 ¹
70 441 147 507 ipsos
159 439 218 491 tela
229 456 264 493 ex
275 455 354 492 muro
365 440 450 493 missa
460 439 610 493 subeuntes
620 438 775 502 laeserunt,
796 447 825 491 et
837 446 875 493 te·

10 514 18 577 .'
70 507 180 561 studini
195 509 299 563 iniecta
312 511 408 563 imbris
424 511 454 563 in
469 509 581 563 modum
592 511 699 562 lubrico
709 507 824 576 fastigio
836 510 876 560 in·

10 602 16 637 l
70 578 158 632 noxia
179 578 216 631 ad
231 580 503 633 imumlabebantur.
539 579 578 631 Et
593 581 705 642 consul,
726 585 808 646 capto
821 581 876 630 iam

65 646 221 712 Heracleo,
232 656 324 703 castra
334 666 368 704 eo
378 649 674 718 promonit;·tanquam
680 648 774 712 Dium,
782 654 876 717 atque,

69 717 136 771 incle
145 725 285 771 summoto
295 735 377 787 rege,
394 718 554 771 inPieriam
568 722 655 783 otiam
671 733 876 787 progressurus.

71 784 137 853 Seri,
148 785 264 841 hiberna
274 789 329 841 iarn
341 802 520 856 praeparans,
531 787 591 838 vias
604 789 800 841 commeatibus
812 786 875 839 suh·

70 855 206 925 vellendis
218 874 253 910 ex
264 856 413 911 Thessalia
424 856 526 909 muniri
536 856 625 919 iubet,
647 861 675 909 ot
687 857 755 925 eligi
766 856 875 909 horreis

30 926 33 931 '
55 933 231 997 'opportuna
243 927 321 990 loca,
342 932 471 994 tectaque
485 924 643 990 aedificari,
663 925 713 979 uhi
735 925 876 980 deversari

69 1001 218 1066 portames
229 1001 400 1047 commeatus
409 1000 531 1063 possent.

77 1066 88 1107 ι’
122 1066 160 1117 Χ.
179 1063 313 1128 Perseus,
334 1064 447 1119 tandem
463 1078 655 1132 eparoreoo,
674 1079 729 1132 quo
740 1064 876 1115 attonitus

20 1176 25 1183 .
70 1134 174 1197 iuerat,
195 1140 308 1201 recepto
320 1135 423 1199 animo,
443 1135 539 1196 malle,
559 1133 879 1201 imperiissuisnonob-

71 1210 129 1257 tem
150 1209 258 1255 eratum
270 1220 342 1268 esse,
350 1219 435 1271 quum
446 1203 589 1271 trepidans
599 1218 698 1273 gazam
706 1201 734 1252 in
744 1215 822 1253 mare
832 1200 879 1254 de

72 1272 120 1328 liei
130 1219 243 1337 geues,
264 1272 485 1326 Thessalonicae
499 1270 612 1340 nayalia
625 1272 747 1324 iusserat
758 1270 878 1323 incendi.
891 1288 894 1292 ·

70 1342 254 1411 Andronicus,
265 1340 492 1396 Thessalonicam
504 1341 613 1405 missus,
625 1347 750 1394 traxerat
761 1347 880 1407 tempus,

72 1412 210 1480 idipsum
225 1412 297 1480 quod
313 1412 427 1476 accidit,
447 1413 638 1481 poenitentiae
657 1412 816 1478 relinquens
827 1410 879 1462 ¹lo·

75 1498 146 1536 cum.
181 1482 323 1534 incautior
337 1482 434 1535 Nicias
449 1483 544 1535 Pellae
559 1482 730 1550 proliciendo
746 1481 880 1548 pecuniae

73 1558 193 1673 geriem,
205 1551 279 1620 quod
290 1550 383 1603 iuerat
394 1558 503 1603 nactus:
518 1552 607 1605 sedin
618 1567 739 1604 errorem
752 1549 881 1603 emenda·

93 1622 161 1675 ilem
176 1621 252 1674 visus
268 1622 363 1688 lapsus
379 1637 454 1684 esse,
476 1621 548 1688 quod
565 1636 615 1690 per
628 1623 787 1673 urinatores
799 1634 880 1671 omne

74 1691 163 1744 ferme
173 1698 331 1745 extractum
345 1694 395 1742 est.
422 1692 584 1757 'lautusque
594 1690 685 1756 pudor
694 1690 756 1755 regi
767 1689 881 1755 pavoris

76 1764 136 1815 eius
146 1761 210 1824 fuit,
220 1769 252 1813 ut
262 1761 420 1812 urinatores
432 1760 503 1812 clam
515 1760 636 1812 interfici
642 1759 769 1821 iusserit3
781 1756 881 1809 deinde

75 1830 261 1884 Andronicum
273 1846 382 1898 quoque
395 1835 423 1882 et
432 1829 543 1882 Nician:
555 1845 589 1881 ne
601 1829 663 1896 quis
674 1834 730 1880 tarn
744 1825 881 1880 dementis

77 1900 191 1968 imperii
203 1902 332 1953 conscius
344 1901 499 1952 exsisteret.
535 1898 612 1951 lnter
625 1897 696 1950 haec
710 1900 740 1949 c.
750 1895 883 1957 Marcius,

78 1985 142 2022 curu
153 1971 241 2023 classe
251 1972 286 2022 ab
299 1970 439 2022 Heracleo
451 1966 676 2020 Thessalonicam
689 1966 840 2036 profectus,
852 1972 883 2018 et

78 2053 177 2107 agrum
195 2040 322 2106 pluribus
334 2039 420 2103 locis,
440 2039 575 2105 expositis
592 2053 642 2104 per
656 2039 742 2090 litora
757 2036 882 2097 armatis,

78 2109 137 2162 late
149 2111 283 2169 vastarit,
304 2114 332 2160 et
342 2114 537 2175 procurrentes
548 2109 583 2159 ab
594 2110 676 2171 urbe,
692 2108 821 2161 secundis
833 2106 884 2160 oli-

79 2184 150 2246 quot
161 2175 285 2247 proeliis,
296 2178 420 2246 trepidos
431 2179 505 2231 intra
517 2179 628 2230 moenia
640 2180 783 2245 compulit.
814 2179 883 2230 lam·

80 2264 134 2315 quc
144 2247 200 2315 ipsi
211 2247 274 2298 urbi
285 2249 422 2301 terribilis
433 2255 502 2311 erat,
524 2264 617 2316 quum,
636 2246 781 2314 dispositis
794 2249 883 2299 omnis

80 2319 192 2386 generis
207 2320 367 2379 tormentis,
388 2334 444 2369 non
459 2319 523 2384 vagi
539 2318 622 2369 modo
635 2318 710 2368 circa
720 2333 825 2378 muros,
844 2323 884 2367 tc·

79 2403 156 2441 mere
168 2387 429 2454 appropinquantes,
435 2387 484 2438 seri
491 2387 575 2438 etiam
582 2388 629 2453 qui
637 2387 665 2436 in
672 2389 787 2450 navibus
795 2390 883 2446 erant,

79 2458 157 2511 saxis
172 2462 311 2508 tormento
327 2457 513 2509 emicantibus
525 2457 760 2522 percutiebantur.
796 2455 884 2504 Revo-

80 2528 152 2580 catis
162 2527 251 2594 igitur
261 2527 289 2576 in
301 2543 386 2578 nares
398 2525 548 2588 militibus,
570 2520 901 2592 omissauue'ibxessabu·

79 2599 161 2649 nicae
173 2597 391 2663 oppugnatione,
412 2595 538 2651 Aeneam
550 2595 753 2661 inceperam.
787 2575 925 2638 waffi·

75 2669 129 2717 cim
139 2665 231 2719 millia
238 2680 378 2736 passuum
389 2682 428 2727 ea
437 2671 512 2727 urbs
523 2669 624 2730 abest,
641 2642 910 2729 absarensism
922 2652 930 2670 ⁸
