1860 2994
94 120 110 165 u
216 118 247 165 r.
268 114 376 165 Livii
394 115 437 180 [o.
450 115 547 167 usca
567 113 723 180 n.C.1s7.]

92 195 282 208 β·-

93 223 196 269 maiore
219 220 347 284 apparari
368 225 494 283 coeptae:
517 223 575 267 turn
597 234 711 284 coquus,
731 219 894 269 vilissimum

92 288 212 354 antiquis
223 290 390 354 mancipium
400 293 429 338 et
440 287 637 338 aestimatione
649 294 677 338 et
687 303 751 349 usu,
765 287 793 336 in
804 288 894 352 pretio

91 373 166 420 esse3
188 363 224 418 et,
237 356 311 423 quod
321 354 506 409 ministerium
517 356 669 418 iuerat‚urs
680 354 776 408 heberi
786 363 887 421 coepta

92 427 148 478 Vix
161 432 252 476 tamen
269 426 333 489 illa,
355 441 426 492 quae
442 433 502 478 tum
518 426 770 493 conspiciebantur,
789 425 897 477 semina

93 502 172 545 erant
183 494 295 547 futurae
306 496 443 548 luxuriae.

149 563 205 615 Vll.
224 564 254 614 ln
271 562 410 632 triumpho
426 565 496 617 tulit
511 567 560 617 Cn.
570 565 693 616 Manlius
712 578 828 614 coronas
850 577 897 615 au·

92 647 168 694 reas,
190 633 310 685 ducenta
324 635 471 688 duodecim
488 635 593 702 pondo:
615 633 825 701 argentipondo
849 633 887 683 du

93 709 176 754 centa
185 703 285 770 viginti
296 704 400 755 millia:
421 705 485 758 auri
501 704 593 770 pondo
611 703 664 753 duo
681 701 772 751 millia
788 708 898 753 eentum

93 774 160 822 tria:
180 772 418 824 tetradraebmum
429 775 550 825 Atticum
562 779 671 825 centum
681 771 782 838 viginti
792 777 899 836 septem

94 840 196 891 millia:
218 841 407 909 cistophorum
421 843 543 895 ducenta
564 841 774 909 quinquaginta:
796 838 899 905 Philip·

94 924 211 978 peorum
227 926 377 963 aureorum
391 927 565 964 nummorum
579 910 719 963 sexdecim
736 908 825 960 millia
844 915 900 960 tre·

96 985 191 1030 centos
203 980 312 1047 viginti:
325 987 353 1033 et
363 997 440 1034 arma
451 983 596 1050 spoliaque
607 979 696 1031 multa
708 979 828 1042 Gallica,
841 993 899 1029 car·

95 1048 187 1116 pensis
197 1055 364 1102 transvecta.
401 1051 494 1104 Duces
509 1052 631 1104 bostium
646 1049 701 1101 duo
717 1056 747 1101 et
766 1050 899 1115 quinqua·

95 1121 174 1186 ginta
195 1121 272 1171 ducti
293 1128 359 1173 ante
380 1137 498 1174 currum.
544 1121 684 1172 Militibus
708 1118 900 1184 quadragenos

95 1188 179 1239 binos
190 1188 319 1241 denarios
331 1191 434 1250 divisit,
455 1190 558 1253 duplex
568 1187 738 1250 centurioni,
759 1193 788 1239 et
798 1187 901 1252 stipen-

97 1258 173 1308 dium
196 1257 299 1322 duplex
310 1259 340 1308 in
360 1258 467 1321 pedites
490 1256 587 1320 dedit,
610 1256 714 1323 triplex
732 1257 762 1307 in
782 1257 901 1323 equites.

95 1325 180 1377 Multi
198 1326 321 1376 omnium
343 1325 482 1387 ordinum,
504 1325 602 1377 donati
621 1327 788 1378 militaribus
811 1324 902 1386 diruis,

97 1408 208 1446 currum
224 1394 314 1445 secuti
329 1399 402 1445 sunt.
439 1395 623 1463 carmineque
640 1411 658 1447 a
670 1396 806 1447 militibus
821 1410 854 1447 ea
873 1396 903 1445 in

96 1461 293 1529 imperatorem
304 1463 392 1526 dicta,
404 1470 437 1516 ut
447 1464 532 1518 facile
542 1472 704 1533 appareret,
715 1467 743 1517 in
755 1465 852 1516 ducem
862 1462 903 1513 in·

97 1532 259 1598 dulgentem
271 1533 502 1602 ambitiosumque
517 1551 551 1588 eu
568 1537 639 1601 dici;
658 1533 827 1601 triumphum
841 1547 903 1584 esse

97 1602 217 1652 militari
227 1603 317 1669 inagis
329 1604 434 1666 favore,
447 1620 529 1672 quam
540 1607 678 1675 populari,
689 1606 835 1658 celebrem.
847 1599 904 1654 Sed

97 1670 133 1723 sd
146 1672 241 1738 popuii
253 1689 361 1741 quoque
376 1676 498 1742 gratiam
514 1677 717 1730 conciliandam
732 1675 816 1725 amici
825 1674 905 1724 Man·

98 1741 130 1791 lii
143 1742 303 1794 valueruntz
315 1746 415 1812 quibus
425 1747 619 1799 annitentibus
629 1739 904 1796 senatusconsultum

97 1810 203 1862 factum
214 1818 271 1873 est,
285 1812 322 1864 Ut
333 1832 366 1866 ex
377 1815 509 1880 pecunia,
519 1806 589 1881 pirae
599 1815 629 1865 irs
639 1810 776 1877 triumpho
786 1810 904 1861 nensis·

5 1893 7 1906 ¹
96 1888 126 1931 tu
137 1889 219 1941 esset,
238 1881 416 1949 stipendium,
438 1884 567 1934 collatum
578 1900 596 1934 u
606 1879 746 1949 populeis
756 1878 904 1945 publicum,

6 2005 7 2018 ἵ
97 1949 169 2016 qued
178 1948 235 2000 eius
246 1953 362 2002 solutum
371 1960 454 2003 untes
464 1968 518 2003 nors
532 1960 615 2013 esset,
629 1952 786 2001 solueretur.
821 1947 904 2000 'Vice-

95 2032 148 2068 nos
164 2017 263 2083 quinos
275 2026 304 2071 et
312 2022 440 2071 semisses
451 2019 478 2070 in
491 2020 582 2072 millia
593 2022 667 2072 aeris
681 2025 844 2085 quaestores
859 2032 905 2068 ur·

95 2086 162 2139 bani
172 2102 232 2137 eum
246 2088 299 2140 lide
311 2093 340 2140 et
356 2104 423 2140 cura
437 2091 589 2143 solverunt.
626 2091 679 2141 Per
698 2089 773 2140 idem
795 2095 904 2156 tempus

96 2156 200 2208 tribuni
212 2157 332 2208 militum
344 2158 398 2208 duo
411 2170 445 2209 ex
457 2160 563 2212 duabus
572 2160 717 2227 Hispaniis
735 2175 796 2211 cum
813 2159 904 2210 literis

98 2226 128 2277 (3.
138 2225 223 2275 Atinii
234 2233 263 2277 et
273 2226 305 2278 1..
316 2227 430 2290 Manlii,
447 2230 495 2294 qui
505 2244 553 2280 eas
564 2231 720 2294 provincias
731 2228 898 2281 obtinebant*

98 2300 241 2346 uerierunt.
277 2296 321 2347 Ex
339 2299 374 2347 iis
394 2298 483 2359 literis
505 2299 647 2365 cognitum
667 2305 724 2361 est,
748 2296 905 2349 Celtiberos

11 2366 17 2389 ·'
98 2364 306 2430 Lusitanosque
314 2365 344 2416 in
356 2368 441 2421 armis
450 2383 520 2429 esse,
532 2374 562 2420 et
571 2369 712 2420 sociorum
723 2380 806 2434 agros
817 2378 904 2431 popu-

11 2481 12 2502 ,
99 2432 161 2486 lari.
197 2432 241 2485 De
252 2448 326 2486 esre
337 2437 571 2488 consultationem
583 2438 723 2503 integram
735 2441 848 2487 senatus
867 2431 903 2483 sd

11 2513 14 2566 ᾗ
100 2517 186 2554 novos
197 2505 378 2570 magistratus
389 2505 494 2558 reiecit.
528 2505 617 2556 Ludis
628 2505 760 2557 Romanis
771 2520 805 2556 eo
821 2516 903 2564 anno,

0 2593 9 2610 -v
96 2573 211 2630 quosP.
226 2574 371 2627 Cornelius
387 2572 538 2642 Cethegus,
559 2576 591 2627 Α.
607 2574 768 2626 Postumius
787 2572 902 2625 Albinus

72 2631 233 2699 ‘imino
243 2646 340 2696 mulus
349 2645 382 2697 in
394 2646 471 2701 circo
483 2645 629 2702 instabilis
638 2647 671 2700 in
680 2640 907 2715 signumioilen·
