1860 2994
177 39 230 86 226
307 39 339 82 T.
359 38 464 80 lrlvll
485 39 637 96 [U.C.581.
654 39 812 95 A.u.r71.p

180 141 361 198 arcesserent,
374 148 491 200 propere
502 134 586 184 misit.
615 136 677 196 Qua
689 140 716 184 et
729 133 830 195 serius,
843 152 860 202 q

178 204 355 289 postulabat,
377 210 407 256 et
421 205 520 269 raptim
539 209 614 266 acta,
637 203 741 254 turbati
758 217 860 253 cursus

179 278 334 327 mtructos
349 278 379 325 et
393 276 575 339 praeparatos
590 279 671 323 erant
685 271 844 322 adventuri.

180 343 361 396 anteveniens
378 340 518 408 extemplo
540 341 678 406 proelium
702 341 850 393 conseruit.

179 412 310 473 resistere
317 412 500 475 Macedonem
511 409 618 473 deinde,
628 410 748 460 utnulla
759 414 790 461 re
799 424 860 476 parc

181 480 292 534 emlssis
302 480 434 532 trecentis
443 478 591 546 peditibus,
603 478 703 545 viginti
713 484 860 547 quattuor]

180 551 233 603 bne
243 550 364 617 equitum
377 562 411 600 ex
423 549 477 611 ala,
493 547 699 616 quamSacram
710 554 818 611 vocant,
828 548 858 599 in

180 617 361 673 Antimachus
371 618 454 670 etiam
466 616 624 685 praefectus
635 618 698 668 alae
715 617 829 680 cecidit,
851 632 860 669 ε

181 692 293 740 nentur.
329 689 457 740 Ceterum
478 688 533 738 iter
548 701 634 753 prope
645 687 706 753 ipsu
718 686 823 752 proelio
833 692 860 736 tu

183 757 241 809 sinc
251 754 316 809 tuit.
345 756 480 817 Phalanx,
496 755 546 807 abs
557 756 666 822 trepido
679 756 775 805 nuntio
788 756 860 807 accit

183 826 288 892 raptim
309 826 469 888 duceretur,
493 825 584 892 primo
606 827 635 876 in
657 825 793 893 angustiis
812 840 860 892 cap

185 897 288 965 egmlni
309 895 405 947 oblata
426 893 615 962 vehiculisque
637 894 775 946 frumento
797 908 860 944 onus

185 967 283 1027 caesis,
293 962 391 1032 ingens
400 965 440 1017 ibi
450 964 562 1016 venetio
574 966 662 1032 partis
675 966 819 1030 utriusque
830 962 860 1015 iu

185 1040 378 1103 exspectante,
398 1039 428 1086 ut
443 1040 583 1102 utcunque
602 1033 789 1099 explicaretur
800 1047 860 1099 agm

186 1104 301 1156 armatis
325 1103 537 1156 detrudentibus
557 1117 757 1169 perpraeceps
779 1103 860 1168 impet

185 1175 288 1242 (neque
298 1174 370 1225 enim
380 1173 463 1223 aliter
470 1170 751 1236 viaaperiripoterot)
758 1171 860 1222 iument

184 1242 403 1304 stimularentur,
421 1243 448 1291 in
458 1241 541 1291 turha
550 1242 745 1291 saevientibus.
781 1241 860 1292 Vixa

184 1310 244 1361 dito
256 1310 365 1377 agmine
375 1309 547 1375 captivorum
559 1308 738 1374 expedierant
755 1325 830 1371 sese,
849 1325 860 1376 q

184 1379 231 1445 gio
253 1378 356 1444 agmini
376 1377 569 1445 perculsisque
591 1376 731 1443 eq'uitibus
753 1393 860 1431 occurri

183 1461 249 1499 rere
264 1445 371 1497 clausor
385 1446 537 1499 iubentium
552 1446 659 1500 referre
679 1449 860 1517 signamine<

184 1531 270 1582 prope
280 1515 398 1566 similem
408 1517 624 1583 trepidationem
635 1518 717 1570 lecit:
737 1525 776 1583 nt,
796 1521 820 1568 si
831 1518 860 1569 lu

184 1586 273 1651 troire
283 1585 426 1653 angustias
438 1587 508 1649 ausi,
524 1588 634 1655 longius
645 1589 758 1640 insecuti
765 1593 860 1639 ‘essent

126 1720 132 1729 ·
185 1655 278 1707 clades
295 1656 382 1722 accipi
400 1657 531 1722 potuerit
569 1657 684 1718 Consul,
703 1663 816 1723 recepto
833 1672 860 1707 en

184 1726 336 1792 praesidio,
358 1731 506 1778 contentus
517 1726 624 1776 modico
635 1740 775 1782 successu,
797 1726 825 1772 in
835 1739 860 1773 cc

184 1795 246 1860 pios
257 1793 377 1845 reduxit.
406 1793 484 1855 Sunt,
495 1794 540 1860 qni
553 1808 585 1844 eo
597 1792 641 1842 die
652 1805 751 1857 magno
763 1790 860 1856 proeli(

184 1869 244 1913 tom
257 1866 385 1912 auctores
396 1865 464 1913 sint:
488 1868 552 1912 octo
563 1860 651 1910 millia
660 1857 781 1909 hostium
793 1874 860 1910 caesi

184 1929 334 2008 Sopatrum
345 1935 374 1981 et
382 1932 559 1996 Antipatrum
572 1928 666 1993 regios
679 1927 776 1978 duces:
797 1930 860 1980 vivo
