1860 2994
97 306 132 382 sb
246 329 279 379 r.
298 324 405 377 mvn
424 324 465 392 [n.
477 321 575 389 coc,
588 324 620 374 A.
633 322 662 373 c.
676 320 743 388 roa]

97 435 130 479 ut
141 435 205 488 ante
216 426 321 476 dictum
332 429 388 488 est,
409 425 438 477 in
448 423 559 475 ltaliam
569 423 746 489 transgressi,
767 424 898 490 oppidum

96 498 125 549 in
136 511 214 564 agro,
225 495 273 561 qui
282 509 355 545 nunc
365 500 409 547 est
419 491 622 559 Aquileiensis,
638 492 833 546 aedificabant.
868 495 899 547 id

97 579 145 618 eos
158 571 189 616 ut
197 563 367 632 prohiberet,
379 562 453 631 quod
465 562 525 614 eius
536 561 597 613 sine
607 560 682 615 bello
693 569 802 629 posset,
820 578 900 630 prae·

94 634 151 687 tori
161 634 322 687 mandatum
333 638 389 689 ests
411 633 435 689 si
446 631 531 683 armis
542 628 709 697 prohibendi
719 638 826 696 essent,
837 648 900 685 con·

94 703 169 756 sules
182 704 315 757 certiores
325 701 439 755 faceret.
474 701 518 753 Ex
527 699 571 753 his
586 700 696 767 placere
711 702 832 755 alterum
853 701 901 753 ad·

93 789 190 824 versus
202 773 301 826 Gallos
312 773 412 825 ducere
424 771 557 839 legiones.
575 771 709 825 Extremo
721 771 823 837 prioris
834 771 900 823 anni

95 843 210 895 comitia
228 841 324 894 habita
344 847 424 893 erant
438 841 466 891 in
482 842 623 897 demortui
634 842 681 891 Cn.
695 841 818 893 Cornelii
829 842 900 893 Len-

94 911 150 962 tuli
172 912 263 963 locum
282 912 397 980 auguris
417 910 579 963 sufficiendi.
616 911 733 965 Crestus
744 911 791 978 Sp.
801 910 901 963 Postu·

94 981 167 1035 mius
179 981 303 1033 Albinus.

147 1049 246 1103 XLVI.
264 1051 357 1102 Huius
370 1049 507 1117 principio
521 1049 587 1105 anni
603 1048 634 1105 P.
645 1049 770 1105 Licinius
782 1049 900 1101 crassus

94 1119 222 1186 pontifex
236 1121 373 1172 maximus
386 1126 515 1171 mortuus
531 1127 586 1172 est:
608 1120 636 1170 in
654 1119 734 1170 cuius
756 1118 848 1172 locum
858 1118 899 1171 M.

96 1189 277 1256 Sempronius
288 1190 444 1245 Tuditanus
456 1190 580 1256 pontifex
592 1196 634 1241 est
649 1193 810 1254 cooptatus:
833 1202 900 1255 pon·

95 1257 170 1315 tifex
181 1259 317 1313 maximos
327 1268 370 1313 est
384 1270 495 1313 creatus
507 1261 536 1311 C.
548 1259 684 1311 Servilius
695 1257 839 1311 Geminus.
868 1254 899 1313 P.

94 1328 200 1380 Licinii
212 1327 317 1382 funeris
329 1345 413 1383 causa
422 1329 572 1381 visceratio
585 1328 665 1388 data,
688 1334 717 1379 et
727 1326 899 1395 gladiatores

96 1405 206 1449 centum
217 1399 319 1465 viginti
330 1393 532 1464 pugnaverunt,
539 1401 567 1447 et
578 1394 637 1446 ludi
646 1395 779 1451 funebres
793 1410 843 1462 por
853 1395 900 1451 tri·

96 1466 179 1517 duum
191 1466 269 1527 facti,
289 1473 354 1532 post
364 1465 445 1516 ludos
457 1465 576 1531 epulum.
612 1466 642 1515 ln
654 1480 708 1531 quo
715 1502 724 1529 ,
744 1481 827 1533 quum
838 1471 900 1519 toto

95 1532 159 1584 foro
170 1539 259 1585 strata
268 1535 394 1586 triclinia
405 1543 511 1596 essent,
526 1539 699 1599 tempestas,
721 1551 782 1592 curn
793 1536 900 1602 onagris

96 1601 227 1670 procellis
247 1607 358 1665 coorta,
377 1604 470 1670 coegit
486 1603 634 1670 plerosque
649 1605 832 1663 tabernacula
847 1611 900 1661 stt·

97 1678 177 1722 tuere
188 1671 219 1721 in
233 1669 305 1723 foro.
341 1671 447 1725 Eadem
464 1673 559 1740 paullo
576 1680 654 1740 post,
676 1688 758 1742 quum
779 1675 900 1741 undique

97 1740 307 1804 disserenassct,
317 1742 441 1799 sublata:
454 1742 655 1810 defunctosque
666 1745 752 1810 vulgo
764 1743 900 1807 ferebant,

98 1809 173 1879 quod
182 1809 254 1863 inter
265 1811 365 1863 fatalia
375 1818 453 1865 vates
465 1813 642 1876 cecinissent,
662 1828 774 1867 necesse
790 1829 852 1867 esse
862 1818 905 1875 tae

97 1881 248 1934 beruacula
258 1881 287 1933 in
298 1880 361 1933 foro
372 1884 466 1937 statui.
502 1884 565 1937 Hac
574 1885 709 1950 religione
720 1883 821 1938 levatis
833 1883 901 1941 mss·

98 1967 132 2003 ra
142 1951 255 2015 iniecta,
261 1952 333 2020 quod
345 1955 479 2020 sanguine
488 1969 538 2019 per
547 1953 658 2004 biduum
670 1951 786 2017 pluisset
796 1953 828 2005 in
838 1950 917 2011 sm⁴⁵

98 2020 231 2071 Vulcani:
252 2028 280 2072 et
289 2037 339 2088 per
349 2021 519 2073 decemviros
536 2020 703 2087 supplicatio
719 2019 829 2075 indicta
843 2016 903 2085 ent

99 2089 159 2139 eius
171 2087 291 2154 prodigii
307 2091 439 2154 expiandi
459 2105 551 2141 causa.
588 2087 752 2154 Priusquam
771 2092 901 2147 consoles

98 2157 128 2206 in
137 2156 294 2223 provincias
306 2159 561 2223 proficiscerentur,
570 2158 730 2226 legationes
740 2160 910 2229 transmari,

96 2240 148 2277 nas
158 2225 187 2274 in
199 2232 324 2276 senatum
335 2227 562 2280 introduxerunt:
573 2244 623 2280 nec
634 2244 754 2294 unquam
766 2236 832 2283 ante
843 2237 903 2283 tan·

79 2300 159 2356 ,turn
168 2294 290 2360 regionis
301 2296 360 2347 eius
371 2296 512 2348 hominum
523 2298 627 2350 Rornae
638 2297 738 2349 fuerat.
774 2299 847 2351 Nam
866 2290 920 2352 οῖ’

99 2360 901 2504 eligitis?inlicebrolltllttid,fallit

100 2501 276 2619 negligenter
289 2501 323 2552 ab
335 2502 465 2555 Romanis
481 2504 586 2570 audiri,
607 2507 702 2557 multis
719 2521 820 2572 operae
840 2521 900 2573 pre·

100 2574 169 2620 trum
195 2585 268 2622 uisse
279 2573 371 2638 queri3
392 2588 482 2639 prose
498 2588 622 2643 quaeque
645 2576 772 2629 civitates
792 2583 901 2643 gentes·

102 2653 167 2705 que,
188 2639 289 2707 singuli
310 2643 394 2695 etiam
412 2643 556 2710 privatim,
586 2646 690 2712 (gravis
711 2647 782 2697 enim
805 2646 903 2699 accola

101 2709 230 2789 omnibus
240 2713 312 2773 erat)
326 2710 456 2774 Romam,
476 2719 525 2764 aut
536 2713 571 2766 ad
582 2730 658 2780 spem
679 2714 816 2768 levandae
831 2714 903 2767 lain·

89 2791 168 2834 rme.
191 2778 289 2831 arrtod
301 2778 447 2850 deflendae
468 2781 612 2846 solatium,
629 2789 772 2836 venerunt.
806 2784 847 2837 Et
866 2785 902 2837 ab

83 2841 215 2901 Eumene
224 2865 298 2920 rege
308 2853 421 2925 legatio
433 2868 501 2909 curu
512 2852 604 2909 fratrc
614 2853 676 2905 eius
686 2850 912 2904 nenenaennemt
