1860 2994
63 121 138 176 Lis.
151 121 236 176 XLll.
250 124 323 176 cir.
334 122 377 177 65.
387 122 429 176 dd.
440 122 485 191 [U.
493 121 740 190 C.581;A.C.171.]
767 122 819 177 225

29 228 91 285 ilios
104 230 209 279 eminus
221 228 278 278 tela
288 228 423 295 ingerere.
460 229 565 294 Anceps
577 228 717 277 Romanos
728 230 819 277 terror

29 296 230 348 ircumstabat:
253 312 315 347 nam
335 296 550 364 nequeconlerti
566 310 689 361 pugnare
704 300 818 361 propter

29 380 77 428 tos,
88 365 137 432 qui
147 365 296 418 ascendere
307 367 336 416 in
347 366 482 417 tumulum
489 366 670 426 conabantur,
676 369 817 430 poterant:

29 439 59 497 tt,
76 435 124 486 ubi
136 435 249 486 ordines
261 434 448 501 procursando
460 435 616 497 solvissent,
637 434 768 500 patebant
779 434 818 486 ia·

29 502 91 555 :ulis
105 504 281 571 sagittisque.
315 504 439 557 Maxime
455 502 716 571 cestrosphendonis
726 503 819 555 vulne·

29 571 163 624 ’ahantun
183 573 246 624 Hoc
256 572 306 624 illo
315 572 390 625 bello
402 590 503 626 norum
515 590 603 642 genus
615 573 668 626 teli
678 575 817 623 inventum

29 646 72 692 est.
107 640 234 707 Bipalme
248 642 384 708 spiculum
402 641 499 694 hastili
509 641 694 696 semicubitali
704 640 818 692 inlisum

29 714 91 772 eret,
101 711 282 769 crassitudine
294 711 386 778 digiti.
422 712 497 763 Huic
508 714 642 780 abiegnae
652 713 751 764 breves
760 709 818 778 pin·

29 793 73 831 iae
82 783 150 841 tres,
160 779 238 830 velut
248 780 359 846 sagittis
369 779 469 842 solent,
483 781 737 833 circumdabantur:
758 780 820 831 fuir·

29 846 159 900 lemedia
169 848 223 898 duo
233 847 339 898 funalia
349 850 467 914 imparia
477 848 604 901 habebnt.
620 849 711 911 Quum
720 846 820 900 maiori

29 916 83 969 sisu
97 916 230 967 libratum
251 916 376 967 funditor
395 916 503 969 habena
522 924 644 981 rotaret,
665 931 819 978 excussum,

29 984 98 1039 isliu
108 985 203 1050 glans,
225 985 370 1036 emicabat.
405 985 495 1047 Quum
514 984 618 1046 ethoc,
638 992 666 1038 et
677 988 734 1038 alio
745 987 820 1039 omni

29 1058 124 1123 pedere
135 1051 265 1114 telorum,
277 1067 341 1117 pars
352 1052 496 1106 vulnerate
506 1055 624 1105 militum
634 1061 716 1118 essct,
722 1069 773 1106 nec
782 1053 822 1105 fa-

29 1122 72 1177 ile
84 1122 141 1174 iem
155 1136 232 1172 arma
243 1120 309 1171 lessi
319 1122 497 1186 sustinerent,
507 1124 614 1174 instare
625 1137 684 1184 rex,
699 1128 732 1173 ut
741 1121 822 1174 dede·

29 1197 84 1245 'ent
94 1207 134 1254 se,
146 1190 227 1242 iidem
241 1191 315 1253 dure,
328 1191 452 1257 praemia
461 1191 600 1244 interdum
611 1191 751 1257 polliceri:
770 1203 821 1241 nec

29 1260 183 1328 :uiusquam
196 1260 230 1311 ad
244 1259 415 1311 deditionem
425 1262 591 1314 flectebatur
601 1261 726 1324 animus3
756 1272 821 1309 uum

29 1330 208 1395 tx'iusperato
218 1330 273 1381 iam
284 1330 433 1382 obstinatis
443 1333 514 1381 mori
524 1346 588 1396 spes
598 1328 713 1381 affulsit.
777 1340 821 1379 sm

29 1414 107 1467 puum
123 1413 156 1450 ex
171 1397 419 1451 frumentatoribus
433 1400 605 1468 refugientes
617 1398 728 1465 quidam
739 1397 768 1448 in
779 1410 822 1447 ce·
858 1418 862 1425 ·

29 1474 83 1521 stra
98 1468 272 1520 nuntiassent
289 1469 410 1533 consuli,
433 1469 622 1522 circumsideri
637 1467 822 1535 praesidium

29 1542 115 1589 notus
126 1536 248 1603 periculo
260 1543 304 1587 tot
315 1538 506 1603 civium‚(nam
519 1539 673 1604 octingenti
685 1537 782 1598 ferme,
794 1540 823 1586 et

29 1622 122 1660 omnes
132 1606 251 1657 Romani
263 1610 354 1669 erant)
366 1623 426 1659 cum
440 1610 564 1676 equitatu
575 1622 607 1659 ac
616 1608 670 1657 leri
682 1611 823 1656 armatura

29 1679 213 1740 [accesserant
225 1690 300 1726 nova
309 1677 422 1740 auxilia,
441 1677 578 1728 Numidae
588 1674 695 1742 pedites
707 1673 823 1742 equites·

29 1760 77 1815 pue
86 1751 115 1797 et
126 1741 282 1810 elephanti)
294 1746 392 1795 castris
404 1746 561 1812 egreditur:
584 1752 612 1796 et
623 1745 742 1795 tribunis
753 1742 823 1793 mili·

29 1820 84 1867 tum
94 1815 223 1880 imperat,
233 1819 265 1862 ut
277 1814 416 1881 legionum
429 1814 511 1881 signa
520 1818 678 1880 sequantur.
697 1814 769 1879 lpse,
779 1827 824 1863 vc-

29 1883 124 1936 litibus
136 1883 170 1934 ad
183 1883 317 1934 firmanda
328 1883 429 1934 levium
436 1898 577 1936 armorum
588 1882 692 1933 auxilia
698 1882 824 1944 adiectis,

29 1952 61 2005 nd
72 1955 207 2004 tumulum
222 1953 374 2018 praecedit.
413 1953 542 2005 Consulis
557 1953 646 2004 latera
660 1958 760 2019 tegunt
770 1950 823 2002 Eu·

29 2037 129 2084 menos,
143 2024 261 2084 Attalus,
275 2028 304 2073 et
314 2023 479 2090 Misagenes,
490 2023 602 2090 regulus
612 2022 803 2074 Numidarum.

77 2089 179 2143 vai.
200 2091 289 2151 Quum
304 2093 332 2141 in
349 2098 498 2159 conspectu
515 2093 604 2160 prima
619 2094 699 2159 signa
710 2105 821 2144 suorum

29 2160 218 2213 circumsessis
229 2159 349 2221 fuerunt,
359 2162 490 2213 Romanis
503 2162 612 2228 quidem
624 2162 659 2213 ab
671 2162 770 2214 ultima
781 2158 825 2211 de·

29 2229 187 2296 speratione
198 2235 336 2281 recreatus
347 2234 515 2282 cstanimus:
527 2231 650 2295 Perseus,
657 2233 823 2297 cuiprimum

29 2299 150 2350 omnium
164 2296 264 2360 luerat,
279 2304 317 2359 ut,
336 2305 482 2350 contentus
494 2299 612 2351 fortuito
623 2314 760 2360 successu,
783 2312 825 2348 ca·

28 2371 84 2434 ptis
95 2367 203 2434 aliquot
215 2368 462 2419 frumentatoribus
473 2369 633 2435 occisisque,
655 2383 710 2419 non
722 2373 825 2417 tereret

29 2445 137 2504 tempus
147 2439 174 2486 in
186 2436 330 2488 obsidione
341 2438 488 2503 praesidii3
504 2438 661 2499 secundum,
674 2451 707 2486 ea
718 2447 826 2498 quoque

29 2513 139 2558 tentata
155 2510 308 2571 utcunque,
329 2521 411 2571 quum
430 2507 514 2558 sciret
530 2506 600 2557 nihil
614 2503 730 2555 roboris
738 2513 840 2547 secunx

29 2590 98 2637 esse,
118 2574 183 2624 dum
193 2574 289 2624 liceret
300 2575 414 2642 intacto,
430 2576 526 2643 abire,
547 2582 579 2630 et
589 2566 800 2642 ipsebost'xum
807 2559 858 2603 nb-

29 2650 144 2704 sentum,
159 2642 248 2694 elatus
258 2659 401 2715 successu,
424 2649 550 2716 mansit,
572 2651 617 2708 et,
631 2628 887 2709 qfftpmabmuffi

53 2711 83 2760 Τ.
94 2709 159 2761 Lm
175 2712 246 2768 Tou.
263 2713 297 2767 V.
632 2711 660 2759 P
