1860 2994
73 137 126 190 244
209 137 241 186 r,
261 131 368 184 urvrr
387 133 431 199 [u
445 133 474 183 n.
487 131 544 186 585.
563 133 594 182 n.
607 129 636 182 u.
652 131 723 198 nn]

74 243 187 300 emerat,
198 236 321 288 interdiu
333 236 396 302 plus
408 234 477 284 duas
488 233 573 285 horus
586 235 703 296 arsisse,
713 235 774 287 itai

72 313 133 366 eius
146 308 304 360 ambureret
316 306 396 373 ignis,
407 303 560 355 dicebatur.
596 303 774 356 Publicorurn

72 382 182 449 giorum
194 392 278 427 causa
287 374 354 425 libri
364 391 381 424 a
393 372 559 424 decemviris
569 371 649 424 editi.
686 373 774 435 Quodn

71 447 222 502 maioribus
232 445 333 496 hostiis
344 443 443 510 quibus
459 441 513 493 diis
531 443 659 494 consules
681 444 774 497 sacrifi

72 517 232 579 ediderunt,
253 520 282 566 et
293 518 325 565 ut
335 512 505 578 supplicatio
516 512 611 575 tieret,
631 515 774 582 cunctiqut

71 593 176 641 stratus
189 586 262 636 eirca
273 582 368 635 omnia
377 581 534 649 pulvinaria
543 583 663 634 victimis
673 585 774 636 maiori

71 658 237 717 orifiearent,
249 653 424 720 populusque
437 657 586 703 coronatus
596 659 679 706 esset.
717 655 774 707 Om:

71 724 222 781 decemuiri
234 724 404 791 praeierunt,
416 720 501 774 facta.

111 795 197 848 xlv.
217 791 481 914 [16.{)Censoribus
496 790 597 844 deinde
613 793 742 845 creandis
763 810 774 847 t

71 865 245 920 edictasunt.
305 863 427 915 etierunt
437 876 580 914 censuram
592 865 731 930 principes
747 864 774 916 ei

71 937 102 989 C.
112 934 244 987 Volerius
254 933 407 995 Laevinus,
428 931 458 985 P.
469 933 631 985 Postumius
641 935 770 998 Albinus,

71 1007 133 1060 eius
143 1004 294 1066 Scaevola,
315 1004 355 1054 Μ.
366 1002 463 1055 lunius
478 1002 597 1067 Brutus,
620 1004 649 1054 C.
665 1004 774 1056 Claudii

71 1076 148 1141 eber,
159 1075 204 1126 Ti.
215 1073 395 1140 Sempronius
406 1071 557 1125 Gracchus.
593 1073 655 1124 Hos
667 1073 738 1126 duos
749 1091 774 1127 ot

58 1147 177 1200 ornavit
188 1146 306 1212 populus
317 1143 468 1195 Romanus.
506 1143 598 1204 Quum
613 1142 738 1194 delectus
758 1144 774 1196 b

69 1218 173 1279 maior,
183 1230 266 1282 quem
277 1214 357 1277 alins,
368 1219 482 1280 propter
492 1213 707 1266 Macedonicum
718 1213 774 1266 beli

70 1302 104 1339 ra
113 1291 195 1347 esset,
217 1282 345 1335 consules
355 1283 464 1350 plebem
477 1283 552 1350 opud
562 1289 690 1349 senatum
702 1299 774 1336 seem

71 1356 146 1423 quod
156 1361 185 1406 et
194 1353 317 1404 iuniores
332 1366 386 1403 non
401 1352 611 1418 responderent.
648 1354 774 1406 Adverso

71 1426 101 1476 G.
113 1422 250 1488 Sulpicius
262 1428 291 1473 et
301 1420 339 1470 M.
351 1420 486 1472 Claudius
498 1428 643 1488 praetores
657 1423 747 1489 plebis
765 1441 774 1476 t

70 1500 196 1561 egerunt.
232 1488 292 1542 Nou
305 1491 467 1554 consulibus,
490 1493 538 1543 sed
557 1493 774 1547 ambitiosiorem

70 1563 200 1614 delectum
211 1557 352 1624 difficilem
364 1577 437 1614 esse.-
448 1563 580 1618 nemiuem
591 1563 707 1616 inuitum
719 1563 774 1616 mili

68 1631 104 1684 iis
116 1629 193 1702 fieri.
229 1630 265 1682 ld
274 1629 358 1683 utica
374 1648 430 1684 esse
445 1633 549 1686 scirent
563 1643 590 1686 et
600 1635 703 1686 Patres
723 1650 773 1687 eon

67 1711 224 1772 praetores,
245 1701 341 1767 quibus
353 1701 431 1755 etsie
447 1704 557 1772 imperii
573 1705 659 1757 minor
676 1718 703 1757 et
724 1720 774 1757 aus

70 1781 151 1837 esset,
167 1774 309 1835 delectum,
329 1772 354 1824 si
363 1773 406 1824 ita
417 1774 525 1827 senatui
536 1775 686 1837 videretur,
702 1775 774 1848 pers

70 1859 135 1895 esse.
171 1842 202 1894 ld
216 1843 393 1908 praetoribus
412 1858 513 1910 magna
524 1845 636 1894 Petrum
648 1845 661 1871 *
675 1859 731 1893 non
753 1846 774 1895 si

69 1912 217 1979 gillatione
229 1912 385 1973 consulum,
406 1912 568 1963 mandatum
586 1917 636 1962 est.
673 1914 774 1965 Censor

70 1996 132 2032 eam
142 1995 201 2030 rem
215 1979 391 2040 adiuvarent,
411 1981 453 2031 ita
463 1981 492 2031 in
503 1980 634 2031 concione
645 1979 774 2032 edixerun

65 2065 129 2119 gem
142 2048 233 2101 sensui
243 2050 372 2100 censendo
383 2049 504 2101 dicturos
516 2065 579 2110 esse,
591 2058 631 2111 ut,
633 2058 749 2115 praeter
761 2071 774 2106 c

67 2135 100 2171 ue
112 2116 229 2170 omnium
240 2117 339 2169 ciuium
348 2117 548 2182 iusiurandum,
558 2117 624 2171 haec
635 2118 774 2175 adiurare]

67 2187 155 2240 minor
165 2186 244 2240 anuis
256 2203 304 2239 ses
315 2196 343 2239 et
353 2188 541 2257 quodraginta
552 2207 592 2252 es,
606 2200 688 2259 tuque
701 2207 735 2244 ex
745 2194 774 2244 ei

71 2255 195 2320 Claudii,
219 2255 262 2308 Ti.
274 2254 428 2326 Sempronii
436 2274 575 2312 censorum
586 2263 623 2313 ael
634 2263 766 2315 delectum

68 2326 124 2378 bis:
143 2335 178 2390 et,
190 2326 398 2395 quotiescunque
411 2327 529 2382 delectus
540 2331 606 2395 erit,
616 2348 693 2398 quem
706 2331 774 2385 lise

67 2395 116 2449 bus
127 2396 308 2467 magistratus
319 2395 463 2463 iubebunt,
474 2400 498 2452 si
508 2401 583 2455 miles
599 2404 698 2475 factus
710 2422 763 2459 nou

69 2468 198 2533 delectum
204 2465 336 2534 prosilis.
371 2467 455 2533 item,
477 2473 544 2539 quia
555 2471 631 2526 fama
643 2479 712 2538 erat,
724 2475 774 2526 mu]

68 2536 256 2589 lllseedonieis
275 2535 448 2605 legionibus,
468 2541 582 2596 incertis
603 2545 774 2598 commeatib

61 2608 248 2663 snrbitionem
259 2605 473 2678 imperatorum,
482 2614 518 2665 nb
528 2618 654 2666 exercitu
662 2617 771 2678 obesse,

51 2685 123 2733 runt
133 2680 169 2735 de
183 2681 344 2752 militibus,
366 2681 401 2739 Ρ.
414 2683 514 2751 belin,
529 2683 697 2750 mopsus
719 2696 774 2731 nou
