1860 2994
71 115 146 168 Lru.
156 112 254 167 XLII.
267 114 341 167 car.
351 111 449 167 48150.
459 110 541 183 [U.C.
551 110 762 180 581.A.C.171·]
780 115 832 167 207

29 226 90 271 ctus
100 226 152 271 est.
168 218 283 284 Semper
294 218 404 284 quidem
416 233 451 269 eu
460 232 507 271 res
519 217 833 285 cummagnadignitate

29 304 63 340 ac
73 289 219 340 maiestate
230 291 351 354 geritur:
362 290 510 354 praecipue
520 292 614 337 tamon
625 287 762 351 convertit
769 302 833 338 ocu-

29 360 72 411 los
83 359 263 424 animosque,
283 373 367 424 quum
380 357 416 407 ad
427 372 557 424 magnum
569 356 760 423 nobilemque,
783 362 834 407 aut

29 428 133 479 virtute
144 433 192 478 aut
204 427 328 489 fortuna,
352 427 474 488 hostem,
496 431 607 477 euntem
620 428 760 478 consulem
771 441 834 493 pro-

29 503 190 564 sequuntur.
227 495 375 548 Contrahit
391 497 464 549 enirn
486 511 540 547 non
558 495 641 547 cilicii
658 496 742 548 modo
758 511 834 558 cura,

29 565 174 619 sedetiam
186 565 307 618 studium
314 565 833 634 spectaculi,utvideautdueemsuum,

30 637 112 688 cuius
134 636 252 703 imperio
278 638 452 705 consilioque
479 651 615 688 summam
634 636 834 705 rempublicam

29 705 163 759 mendam
185 707 378 773 permiserunt.
415 705 498 759 Subit
513 704 615 757 deinde
629 704 836 772 cogitatioani-

29 790 120 839 mum,
142 776 368 843 quibellieasus,
387 791 470 843 quam
482 774 836 828 incertuafortunaeeven·

29 845 473 913 trra,communisqueMarsbelli
485 846 537 895 sit:
559 843 685 907 adversa,
703 845 835 906 secunda,

29 930 155 984 quaeque
170 917 283 967 inscitia
301 922 330 968 et
345 915 507 966 temeritate
524 913 625 965 ducum
641 915 736 967 clades
751 929 835 981 saepe

29 984 198 1048 acciderint3
218 1000 288 1051 quae
304 990 403 1035 eontra
413 985 488 1034 bona
496 983 647 1050 prudentia
657 989 686 1035 et
697 986 785 1035 virtus
796 989 836 1035 at·

29 1054 136 1109 tulerit.
162 1053 251 1114 Quem
262 1053 334 1107 seire
344 1053 514 1115 mortalium,
525 1052 616 1104 utrius
625 1054 735 1117 mentis,
746 1054 837 1105 utrius

29 1125 162 1177 fortunae
183 1123 325 1175 consulem
344 1124 381 1175 ad
394 1122 500 1175 bellum
516 1120 647 1173 mittant!
666 1120 837 1189 triumphan-

29 1200 124 1249 temne
138 1208 205 1246 mox
220 1210 282 1245 cum
297 1196 424 1246 exercitu
440 1192 545 1244 victore
559 1190 776 1244 scandentemln
787 1192 837 1243 Ga·

29 1264 160 1333 pitolium
171 1264 208 1315 ad
218 1264 333 1317 eoadem
344 1264 420 1326 deos,
440 1263 568 1330 aquibus
579 1262 780 1329 proficiscatur,
797 1260 837 1311 vi·

30 1335 98 1397 suri,
110 1349 145 1385 un
155 1333 282 1386 hostibus
293 1349 353 1386 earn
363 1333 520 1403 praebituri
530 1328 749 1386 laetitiamsinti
759 1328 838 1382 l'ersi

32 1408 127 1457 autem
144 1406 219 1470 regi,
243 1403 374 1457 adversus
385 1420 467 1473 quem
477 1404 585 1466 ibatur,
605 1401 712 1455 lamam
723 1406 752 1454 et
760 1399 837 1454 bello

31 1474 109 1527 clara
125 1473 309 1526 Macedonum
327 1490 410 1542 gens,
432 1480 461 1527 et
481 1475 625 1542 Philippus
648 1479 742 1541 pater,
763 1475 838 1524 inter

30 1544 120 1597 multa
130 1558 267 1611 prospere
283 1552 362 1610 gesta
371 1546 496 1596 Romano
507 1545 592 1596 etiam
604 1545 768 1597 nobilitatus
777 1542 841 1594 bel-'

29 1613 75 1677 lo,
93 1615 262 1681 praebebat3
282 1619 340 1665 tum
351 1615 439 1680 ipsius
451 1614 546 1666 Persei
558 1629 710 1679 nunquam,
733 1628 767 1664 ex
779 1626 834 1678 quo

29 1696 146 1751 regnum
157 1683 319 1748 accepisset,
335 1681 455 1733 desitum
465 1684 533 1734 belli
545 1683 754 1747 exspectatione
765 1681 836 1732 cele·

29 1754 107 1805 brari
117 1767 226 1803 nomen.
264 1753 332 1803 Cum
348 1752 391 1802 his
403 1751 617 1818 cogitationibus
629 1751 749 1801 omnium
762 1748 836 1798 ordi·

30 1838 95 1873 num
106 1821 232 1873 homines
239 1822 460 1888 proficiscentem
467 1821 608 1872 consulem
615 1818 837 1886 prosecutisunt.

30 1892 96 1945 Duo
118 1893 280 1943 consulares
301 1893 406 1943 tribuni
425 1892 546 1942 militum
564 1905 626 1941 cum
643 1904 676 1941 eo
692 1888 783 1950 missi,
806 1888 837 1938 C.

31 1962 177 2024 claudius,
198 1961 232 2023 Q,
251 1963 376 2025 Mucius3
396 1967 423 2012 et
435 1967 492 2012 tres
511 1961 638 2011 illustres
659 1960 786 2020 iuvenes,
806 1956 836 2008 P.

29 2028 178 2094 Lentulus,
191 2038 220 2083 et
230 2034 285 2083 duo
297 2032 399 2083 Manlii
409 2031 529 2081 Acidini:
548 2030 621 2081 alter
630 2029 670 2080 M.
680 2029 788 2091 Manlii,
800 2027 838 2080 al-

30 2114 76 2155 ter
84 2102 119 2153 L.
129 2101 229 2152 Manlii
241 2102 314 2153 filius
326 2107 396 2154 erat.
425 2101 493 2151 Cum
503 2101 539 2151 iis
551 2100 648 2151 consul
658 2099 838 2150 Brundisium

32 2170 69 2223 ud
79 2171 241 2233 exercitum,
253 2178 336 2238 atque
346 2171 420 2232 inde,
439 2185 499 2221 cum
513 2171 640 2221 omnibus
652 2171 738 2236 copiis
749 2175 838 2220 trans·

32 2247 147 2302 vectus,
169 2240 204 2290 ad
216 2240 410 2307 Nymphaeum
429 2241 457 2291 in
467 2240 687 2310 Apolloniatium
706 2254 773 2306 agro
792 2253 839 2305 po·

33 2311 201 2361 suitcastra.

86 2379 121 2430 L,
132 2380 238 2430 Paucos
251 2386 315 2430 ante
327 2378 385 2430 dies
397 2379 526 2440 Perseus,
537 2385 685 2447 postquam
696 2376 793 2442 legati,
805 2377 839 2427 ab

33 2449 265 2516 Romaregressi,
285 2450 480 2516 praeciderant
494 2463 570 2514 spem
580 2450 670 2514 pacis,
692 2447 839 2496 eonsilium

33 2517 140 2570 hahuit.
176 2520 218 2570 lbi
229 2518 400 2584 aliquamdiu
413 2519 532 2569 dirersis
543 2516 696 2570 sententiis
705 2519 855 2561 certatum

34 2592 87 2640 est.
118 2589 215 2652 Erant,
225 2590 322 2656 quibus
333 2589 379 2643 rel
390 2588 571 2660 stipendium
577 2579 783 2653 pendendum,
789 2572 877 2617 §xxxx-

29 2662 204 2725 fungeretur)
227 2661 273 2715 Vel
285 2662 350 2734 agri
364 2670 450 2735 parte
465 2658 656 2717 Csshthllllle
674 2630 903 2699 gxmxthffix'*
