1860 2994
103 158 177 213 Lro.
189 158 274 211 XLV.
287 160 360 214 Cre.
371 156 414 212 41.
431 158 730 231 [U.C.585.A.c.1o7.]
773 163 824 217 301

19 269 65 330 cis,
83 282 189 334 quaeso,
212 266 309 318 sinatis
320 281 360 315 me
373 281 432 315 cum
441 264 552 331 publica
571 266 709 335 felicitate
721 284 827 334 compa·

19 354 80 390 rare
92 353 132 400 eo,
148 352 198 402 quo
211 335 299 397 debeo,
318 334 406 386 antimo
414 335 558 401 privatam
569 351 654 387 meam
670 338 827 407 fortunam.

19 407 165 478 Profectus
179 423 211 456 en
222 404 317 468 Italia,
328 408 439 457 classem
451 421 467 456 a
478 404 629 457 Brundisio
638 410 692 458 sote
705 418 765 459 orto
777 411 827 461 sol·

19 477 44 529 ni
51 494 63 537 ;
84 493 155 528 nona
173 475 229 526 diei
243 474 311 526 bora
326 491 386 526 cum
397 474 517 527 omnibns
527 475 592 527 meis
603 475 716 528 nauibus
730 475 826 548 Corcy-

19 563 77 599 ram
91 545 175 598 tenui.
212 544 278 596 bnde
295 544 389 611 quinto
405 544 447 595 die
456 543 570 612 Delpbis
580 545 703 614 Apollini
710 564 764 614 pro
775 564 827 611 me,

19 615 244 682 exercitibusque,
264 624 291 666 et
300 613 427 668 classibus
439 617 588 668 lustrandis
600 616 765 686 sacrificavi.
801 616 827 668 A

19 686 134 753 Delpleis
146 685 240 754 quinto
253 683 297 736 die
308 685 337 739 in
349 694 443 737 costra
451 684 580 751 persenis
591 687 637 738 ubi
648 687 771 740 exercitu
782 703 827 740 ac·

19 765 109 823 cepto,
127 755 243 807 innatatis
255 753 427 822 quibusdam,
444 768 513 818 quae
523 769 624 834 magna
634 756 826 823 impedimenta

19 824 150 879 victoriae
162 834 251 887 erunt,
267 839 430 891 progressus
443 821 514 886 inde,
527 838 590 888 puio
601 824 828 894 inexpugnabilia

19 904 112 949 castra
123 894 239 945 bostium
251 902 429 957 erant‚neqne
441 891 503 959 cogi
513 908 637 961 pugnare
643 903 757 960 poterat
768 913 827 958 reu,

19 966 92 1020 inter
107 962 248 1029 praesidia
264 961 321 1012 eius
336 962 436 1015 saltum
447 963 484 1012 od
494 961 610 1013 Petrum
622 964 708 1028 euasi,
729 972 770 1029 et,
792 963 830 1016 ad

19 1048 140 1103 pugnam
150 1048 214 1100 rege
226 1039 333 1094 coacto,
354 1031 414 1083 acie
424 1030 493 1082 sici:
515 1029 702 1085 Macedoniam
713 1034 742 1086 in
753 1043 828 1102 pote·

19 1113 120 1159 statem
127 1100 224 1169 populi
230 1099 347 1152 Romani
358 1100 462 1170 redegi,
472 1107 508 1163 et,
520 1101 592 1168 quod
599 1101 695 1155 bellurn
701 1118 753 1169 per
764 1120 828 1169 qua·

19 1172 175 1230 driennium
187 1180 318 1239 quattuor
328 1180 393 1223 ante
406 1186 447 1222 me
458 1170 627 1223 consulesita
635 1182 786 1240 gesserunt,
798 1182 830 1224 ut

19 1259 123 1311 semper
135 1240 283 1295 successori
293 1240 435 1294 traderent
441 1239 566 1308 gravius,
576 1238 605 1290 id
615 1258 664 1310 ego
676 1241 830 1310 quindecim

19 1314 113 1369 diebus
129 1311 247 1384 perfeci.
283 1309 411 1363 Aliarum
432 1310 526 1363 deinde
545 1312 723 1364 secundarum
739 1328 830 1364 rerum

19 1386 94 1438 uelut
101 1390 248 1450 prouentus
259 1389 376 1434 secatus.
409 1378 543 1433 Civitates
555 1396 643 1433 omnes
654 1381 831 1435 Macedoniae

23 1471 48 1507 re
64 1451 247 1512 dediderant;
265 1466 338 1521 gaza
354 1450 433 1519 regia
449 1450 479 1503 in
493 1458 655 1518 potestatem
668 1452 761 1514 oenit;
781 1467 831 1504 rex

27 1525 88 1594 pse,
100 1522 272 1574 tradentibus
281 1537 364 1587 prope
374 1519 442 1587 ipsis
453 1520 513 1582 diis,
525 1519 555 1573 in
566 1523 664 1589 templo
672 1521 831 1574 Samotbra-

33 1610 84 1647 ·um
99 1607 160 1645 cuns
175 1589 269 1643 liberis
281 1599 321 1642 est
330 1601 436 1658 captus.
473 1588 546 1641 Milti
557 1608 660 1658 qaoque
675 1592 731 1659 ipsi
745 1591 832 1646 niosia

38 1680 79 1718 um
89 1662 211 1734 fortuna
222 1677 281 1713 mea
292 1660 394 1725 uideri,
412 1677 493 1730 eoque
504 1671 630 1728 suspecta
641 1677 704 1713 esse.
742 1660 832 1711 Maris

43 1732 147 1789 esicalu
166 1731 260 1782 timere
275 1731 363 1798 coepi,
382 1730 412 1785 in
422 1740 502 1784 tauta
514 1730 632 1799 pecunia
641 1730 723 1800 regia
733 1730 764 1782 in
773 1730 832 1782 lta·

48 1820 91 1857 am
113 1800 294 1864 traiicienda‚
314 1810 341 1852 et
354 1801 457 1853 uictore
473 1802 595 1853 exercitu
608 1801 832 1868 transportando.

53 1881 177 1942 estonam
198 1869 288 1923 omnia
308 1873 423 1925 secundo
443 1871 553 1924 nonium
572 1888 655 1924 cursu
674 1871 704 1924 in
719 1869 834 1924 ltaliam

57 1949 221 2002 euenerunt,
241 1957 325 2008 neque
335 1950 409 2004 erat,
430 1943 584 2008 quodultra
599 1957 745 2010 precarer,
764 1937 834 1991 illud

62 2011 258 2077 taui‚ut‚quum
270 2026 304 2061 ex
315 2025 416 2063 sumum
427 2021 503 2065 retro
512 2012 835 2093 noluisortunaconsues-

72 2119 81 2147 ,
101 2079 276 2135 mutationem
287 2078 344 2131 eius
354 2081 445 2131 domus
456 2098 515 2133 mea
527 2092 635 2151 potrus,
655 2096 836 2150 quamrespu-

71 2169 110 2215 ra,
128 2148 250 2202 sentiret.
286 2148 385 2216 Itaque
396 2149 555 2219 defienetasn
566 2169 622 2200 me
628 2153 777 2221 fortunam
785 2167 836 2218 pu·
909 2178 912 2183 ·

76 2237 126 2275 am
136 2236 194 2272 ntea
205 2229 263 2273 tam
273 2217 377 2287 insigni
387 2218 545 2271 calamitate
554 2236 651 2287 spero‚·
662 2223 733 2287 qnod
743 2220 837 2273 trium·

81 2309 96 2345 's
113 2306 201 2352 meus,
221 2289 344 2341 velutad
357 2288 504 2340 ludibrium
520 2306 632 2342 casuum
649 2290 837 2354 bumanorum,

85 2364 131 2415 bus
146 2358 294 2432 funeribus
310 2359 456 2411 liberorum
472 2374 591 2412 meorum
601 2369 641 2411 est
651 2358 838 2425 interpositus.

108 2445 190 2499 quum
209 2446 259 2498 ego
271 2436 297 2481 et
308 2429 427 2482 Perseus
438 2444 510 2481 nuuc
519 2429 621 2482 nobilia
630 2428 748 2480 rnsaxime
757 2428 840 2480 sortis

95 2500 190 2555 talium
199 2501 321 2567 exempla
333 2508 492 2568 spectemur,
508 2499 564 2562 ille,
580 2496 627 2563 qui
638 2506 702 2549 ante
713 2513 741 2548 se
752 2497 844 2559 capt<-

105 2568 304 2638 captiousipse,
319 2568 381 2621 duci
392 2568 489 2622 liberos
498 2568 584 2631 uidit,
599 2567 870 2634 insulsissimum

105 2641 181 2692 abet:
200 2656 258 2708 ego,
269 2638 320 2707 qui
330 2640 362 2692 de
373 2639 422 2694 illo
438 2637 637 2708 triumphuni,
646 2633 685 2687 ab
699 2634 828 2681 nisenus
839 2613 894 2680 ἣν,

109 2708 253 2764 iliicurru
263 2711 296 2767 in
309 2710 530 2784 [Capitolinam
553 2711 592 2765 ab
605 2698 808 2763 alierumXex
817 2680 917 2732 (ΜΨ
