1860 2994
68 129 119 182 130
220 129 252 177 r.
276 122 384 175 121v11
406 122 733 190 [n.0.57-t.n.c.17e.]

70 249 154 300 quatu
166 232 286 282 alterum
298 231 439 280 consulem
452 244 514 280 cum
526 228 651 280 exercitu
663 241 734 279 novo
752 228 881 282 advenis·

69 319 100 355 se
112 302 274 362 attuierunt,
295 299 400 365 passim
410 299 438 349 in
449 299 579 350 civitates
596 297 699 363 dilapsi
713 302 792 349 sunt:
815 314 881 353 oon·

70 372 145 424 sulcs
155 369 311 436 Aquileiam
321 368 351 418 in
361 367 477 420 hiberna
486 367 609 434 legiones
619 367 802 421 reduxeruut.
895 402 898 409 ·

123 437 170 490 Vl.
188 437 270 506 [lo]
290 438 394 491 Sedato
412 437 525 489 tandem
535 438 633 488 Istrico
649 437 785 500 tumultu,
800 448 881 493 sena·

71 509 276 561 tusconsultum
288 508 395 560 factum
407 513 462 565 est,
482 512 512 558 ut
525 507 654 558 consules
669 507 744 558 inter
760 522 792 559 so
808 510 881 560 com·

72 583 221 646 pararent,
242 582 306 628 uter
323 576 466 629 eorumatl
488 576 604 629 coniitia
624 575 755 634 habenda
763 578 881 628 Romani

72 648 188 700 rediret.
226 649 316 710 Quum
338 648 479 699 absentem
496 646 633 697 Manlium
655 646 882 713 tribuniplebis,

73 719 105 770 A.
116 716 242 768 Licinius
253 716 348 769 Nerva
359 723 388 768 ct
400 717 430 768 C.
441 716 568 782 Papirius
573 715 695 778 Turtlus,
700 715 731 767 in
741 717 882 769 concioni·

74 786 128 839 bus
150 787 320 847 lacerarent,
351 788 581 853 rogationemque
602 785 827 853 promulgarent,
848 802 883 839 ne

75 856 200 909 Manlius
210 862 275 923 post
284 855 348 906 ldus
358 856 479 907 Martias
491 859 671 922 (prorogatae
682 870 803 922 namque
819 870 884 908 con·

76 924 885 992 sulibusiaminannumprovinciaecrant)imperiumreti«

77 1003 167 1059 neret,
175 996 218 1047 uti
229 1010 341 1048 causam
353 995 494 1061 extemplo
505 994 607 1056 dicere,
617 1009 703 1061 quum
713 994 818 1048 abisset
828 1010 884 1047 ma·

77 1067 213 1135 gistratu,
225 1071 335 1134 posset3
346 1065 412 1118 huic
421 1063 562 1134 rogationi
573 1064 607 1126 Q.
617 1063 714 1117 Aelius
724 1065 837 1134 collega
845 1066 875 1116 in

77 1137 216 1199 terccssit,
226 1136 389 1205 magnisque
401 1134 624 1203 contentionibus
635 1133 768 1197 obtinuit,
778 1150 814 1188 no
826 1151 881 1203 por·

78 1205 209 1258 ferretur.
221 1206 275 1258 Per
285 1222 334 1259 eos
344 1206 404 1259 dies
415 1207 460 1257 Ti.
468 1204 647 1270 Sempronius
659 1202 804 1277 Graccbus
814 1211 843 1257 ct
853 1204 887 1258 L.

77 1274 237 1327 Postumius
248 1276 363 1327 Albinus
372 1289 407 1327 ex
418 1274 558 1340 Hispania
570 1274 689 1325 Romam
699 1289 784 1341 quum
795 1288 888 1328 rerer·

77 1345 185 1407 tissent,
190 1350 304 1395 senatus
315 1345 350 1394 i'ar
363 1359 381 1394 a
390 1343 537 1395 Muttinis
549 1350 680 1410 praetore
690 1345 772 1396 datus
782 1344 888 1398 inscie

77 1412 887 1482 Bellonaeaddisserendasres,quasgessissent‚postulan·

78 1481 183 1548 tlosque
194 1480 314 1534 honores
325 1483 459 1545 meritos,
480 1489 511 1534 ut
523 1483 577 1534 diis
587 1484 795 1536 immortalibus
806 1483 888 1538 habe·

77 1556 156 1602 retur
168 1550 265 1604 bonos.
278 1552 384 1604 Eodem
396 1559 523 1620 tempore
534 1560 562 1604 et
572 1554 601 1604 in
614 1552 745 1606 Sardinia
755 1570 887 1623 nragnum

77 1620 229 1672 tumultum
240 1637 310 1684 csse,
321 1623 411 1674 literis
421 1624 455 1674 T.
466 1623 577 1675 Aebutii
591 1625 731 1690 praetoris
741 1627 886 1691 cognitum

79 1697 137 1753 est,
159 1707 227 1758 quas
240 1693 314 1744 iilius
325 1694 384 1746 eius
395 1693 430 1745 ad
442 1699 567 1745 senatum
580 1693 723 1746 attulerat.
760 1694 885 1758 llienses,

78 1761 217 1813 adiunctis
236 1763 403 1815 Balarorum
420 1763 547 1824 auxiliis,
568 1770 697 1829 pacatam
711 1766 887 1832 provinciam

77 1833 251 1883 invaserant:
263 1849 314 1884 nec
324 1834 361 1885 iis
372 1831 496 1885 invalido
508 1833 645 1895 exercitu,
657 1840 686 1886 et
696 1848 798 1901 magna
807 1841 887 1903 parts

78 1899 242 1967 pestilentia
264 1903 427 1968 absumpto,
454 1903 550 1953 resisti
571 1908 694 1969 poterat.
730 1904 838 1959 Eadem
859 1910 888 1957 et

77 1967 230 2020 Sardorum
240 1969 326 2036 legati
338 1970 515 2035 nuntiabant3
533 1978 653 2035 orantes,
663 1980 695 2025 ut
706 1975 822 2029 urbibus
834 1976 888 2028 sel·

77 2043 134 2088 tem
146 2036 214 2098 (iam
225 2040 297 2089 enlm
309 2054 391 2106 agros
403 2040 565 2106 deploratos
578 2046 650 2104 esse)
669 2058 750 2114 opem
772 2052 888 2099 senemr

76 2105 172 2157 ferret.
209 2106 288 2158 llaec
297 2108 419 2176 legatio,
438 2116 584 2178 totumque
596 2113 671 2178 quod
683 2115 720 2166 ed
729 2114 888 2169 Sardiniam

77 2173 252 2242 pertinebat,
266 2176 301 2228 ad
312 2194 399 2231 novoe
411 2181 592 2247 magistratus
604 2182 739 2235 reiectum
750 2191 802 2236 est.
841 2187 889 2239 Ae·

78 2259 131 2310 que
143 2242 312 2298 miserabilis
324 2249 428 2316 legatio
439 2250 608 2317 Lyciorum,
628 2253 677 2318 qui
689 2253 888 2307 crudelitatem

77 2312 265 2373 Rhodiorum.
276 2319 375 2382 quibus
386 2319 420 2370 ab
433 2320 464 2371 b
476 2321 605 2373 Cornelio
617 2320 747 2389 Scipione
760 2323 891 2377 attributi

81 2389 170 2445 erant,
181 2385 380 2451 querebantur:
393 2388 492 2441 Fuisse
502 2390 550 2442 rab
562 2386 819 2446 tricastinensis.-
829 2410 890 2447 cam

79 2454 187 2523 regiam
206 2455 377 2521 servitutem,
408 2461 537 2512 collatam
556 2477 616 2513 cum
637 2463 781 2530 procreati
801 2473 889 2527 stetu,

74 2526 250 2592 praeclaram
263 2526 415 2580 libertatem
425 2527 520 2581 ciram.
547 2529 608 2584 Noa
620 2533 730 2600 publico
740 2541 850 2588 tuntum
860 2551 890 2587 re

59 2594 344 2666 premittunt-inser
354 2597 582 2670 singularitatum
591 2602 654 2668 pati
660 2602 892 2663 subilmitat-

53 2668 92 2710 ta
102 2680 133 2714 se
143 2669 283 2740 com‘ugcs
294 2669 452 2743 liberosque
461 2670 574 2727 aeteri:
586 2671 619 2725 in
628 2670 897 2741 comsummata
