1860 2994
73 117 125 169 272
223 119 256 170 r.
275 114 388 169 nrvu
409 114 453 185 [u
467 115 497 168 e.
508 117 567 172 583.
577 116 609 168 A.
622 116 653 168 c.
666 116 736 185 me]

74 231 192 282 indicem
213 230 336 280 foederis
352 230 403 281 icti
421 244 483 280 cum
499 229 630 280 Romanis
646 228 830 297 perlegendig
848 236 873 281 ut

74 317 135 352 eum
146 314 259 361 morem,
271 299 297 350 si
305 310 361 350 non
370 313 489 364 semper,
506 299 603 355 erebro
615 304 708 350 tamen
719 298 874 367 usur'eurst.

75 369 223 434 Postquam
235 369 378 420 deterrere
388 382 451 419 eum
463 383 480 418 a
488 367 564 419 bello
576 367 693 434 nequiit,
714 368 875 436 primo'sub·

76 436 186 490 trahere
197 453 258 490 sese
268 452 318 504 per
329 436 399 488 alias
411 442 495 504 atque
507 436 579 488 alias
590 452 702 500 causus,
719 452 755 490 ne
765 432 876 493 interis·

75 507 174 570 retiis,
190 522 260 575 quae
270 522 325 558 non
335 507 483 572 probabat,
494 507 599 572 coepit:
620 512 775 573 postremo,
797 522 875 576 quun

75 584 233 644 suspectum
243 592 273 629 se
284 592 346 628 esse
358 582 497 638 cerneret,
519 581 549 626 et
560 576 728 642 proditionis
738 578 876 631 interdu!

78 648 193 698 crimine
204 645 367 709 insimulari,
378 644 413 696 ad
419 645 558 696 Romanos
569 644 730 713 transfugit,
741 653 771 699 et
779 660 877 717 magne

77 715 137 767 usui
157 715 264 766 consuli
278 714 341 766 fuit.
376 715 420 766 lla
433 714 609 785 introductus
630 715 658 764 in
676 715 782 768 curiam
797 730 876 785 quun

76 791 272 854 memorasset,
290 790 404 836 senatus
414 784 441 834 in
453 783 603 835 formulam
613 783 755 836 sociorum
765 801 830 838 eum
840 802 877 841 re·

77 854 143 906 ferri
154 855 247 906 iussit:
267 854 373 916 locum,
392 853 479 906 lautia
489 853 629 920 praeberi:
651 854 877 922 agriTar-eutiui

76 925 123 992 qui
139 925 266 990 publicus
285 925 384 992 populi
400 924 518 976 llomaui
540 929 627 994 esset,
649 923 770 977 (lucente
782 925 878 997 iugem

76 994 146 1058 dari,
158 978 186 1047 el
196 994 281 1047 aedes
291 994 410 1047 Terenti
422 994 484 1046 emi.
520 992 568 1044 Utl
580 1008 614 1045 ea
625 1000 747 1057 curaret,
759 995 790 1048 0.
802 994 879 1049 Ded·

76 1065 132 1115 mio
152 1064 278 1132 praetori
297 1064 469 1117 mandatum.
505 1063 642 1114 Censores
657 1078 772 1117 censum
786 1064 878 1117 Illiber

74 1135 284 1197 Decembribus,
294 1134 510 1201 severiusquam
523 1139 597 1196 ante,
612 1130 779 1186 habuerunt.
810 1134 879 1187 Mul·

75 1205 112 1254 tis
123 1205 186 1271 equi
196 1203 326 1270 adempti,
345 1207 420 1255 inter
430 1218 499 1269 quos
508 1201 542 1254 P.·
551 1202 673 1267 Rutilio,
693 1204 742 1270 qui
753 1204 878 1257 tribunus
918 1224 920 1231 ·

76 1275 162 1339 plebis
178 1289 226 1326 eos
244 1272 379 1324 violenter
396 1276 554 1324 accusarat:
574 1273 650 1324 tribu
666 1288 776 1340 quoque
787 1273 815 1325 is
825 1288 879 1327 me·
891 1279 902 1297 ⁸

76 1352 136 1405 tus,
159 1348 188 1396 st
203 1343 328 1394 aerarius
340 1341 440 1394 lactus.
477 1342 519 1393 Ad
535 1356 620 1409 opera
631 1342 742 1411 publiea
752 1342 878 1397 facientis

77 1428 159 1478 quum
169 1413 204 1462 iis
216 1410 358 1462 dimidium
370 1427 404 1462 ex
414 1411 599 1480 vectigalibus
612 1414 672 1464 eius
684 1413 750 1463 anni
763 1414 878 1465 attribu·

77 1490 134 1532 tum
155 1495 189 1530 ex
209 1481 450 1534 senatusconsulto
472 1497 489 1532 a
509 1482 703 1549 quaestoribus
723 1488 815 1547 esset3
836 1483 877 1534 Ti.

76 1550 253 1615 Sempronius
265 1565 299 1601 ex
310 1565 343 1602 ea
354 1553 488 1618 pecunia,
510 1568 581 1618 quae
592 1552 645 1618 ipsi
658 1552 798 1605 attributo
811 1558 877 1614 erat,

76 1619 159 1672 aedes
171 1620 201 1671 P.
213 1619 337 1673 Africani
348 1637 419 1688 pone
430 1620 548 1673 Veteres
560 1622 752 1674 advortumui
762 1622 877 1690 signum,

76 1690 254 1758 lanienasque
265 1696 293 1743 et
303 1693 433 1744 tabernas
444 1693 608 1745 coniunctas
619 1692 796 1758 inpublieum
804 1693 878 1756 emit,

75 1760 273 1828 basilicamque
287 1761 442 1814 faciendam
460 1763 568 1814 curavit
577 1799 586 1827 ,
608 1777 679 1830 quae
695 1767 795 1830 postea
805 1762 878 1816 Seru·

75 1833 174 1897 pronia
185 1831 330 1899 appellata
340 1838 393 1884 est.

128 1900 215 1953 XVll.
237 1901 334 1952 iamin
347 1903 422 1952 exitu
434 1916 521 1951 annus
532 1904 602 1960 erat,
624 1904 652 1950 et
660 1907 779 1966 propter
789 1902 878 1955 Maee-

76 1970 167 2020 douiei
183 1970 303 2021 maxime
318 1970 387 2020 belli
403 1984 497 2021 euram
513 1969 542 2019 in
557 1968 733 2019 sermonibus
755 1970 878 2024 homines

76 2038 221 2100 habebant,
237 2053 307 2104 quos
318 2042 346 2089 in
358 2054 457 2090 annum
470 2037 597 2088 eonsules
609 2035 643 2086 ad
655 2036 812 2094 finiendum
823 2048 877 2094 tan·

76 2108 136 2159 (lem
156 2107 186 2157 id
200 2106 304 2158 bellum
323 2113 458 2159 crearent.
494 2106 592 2173 ltaque
604 2112 878 2164 senatusconsultum

73 2176 178 2228 factum
194 2182 250 2237 est,
270 2182 302 2226 ut
313 2179 360 2228 Cn.
371 2174 505 2227 Servilius
521 2175 612 2242 primo
631 2192 741 2246 quoque
752 2186 878 2304 temqors

74 2246 109 2297 ad
122 2245 234 2297 comitia
244 2244 370 2297 habenda
380 2246 495 2297 veniret.
525 2245 806 2302 senatusconsultum
838 2251 878 2303 ul·

73 2316 163 2383 picius
180 2321 295 2382 praetor
310 2314 346 2366 ad
363 2315 527 2367 consulem*
538 2324 603 2384 post
621 2332 726 2385 porrcos
738 2320 800 2372 dies
810 2321 877 2374 reei-

74 2386 157 2447 tavit‚
178 2384 277 2452 quibus
296 2391 360 2437 ante
373 2385 445 2438 diem
456 2386 468 2410 *
479 2385 527 2436 *in
538 2388 635 2440 urbem
645 2394 804 2442 venturum.
842 2390 878 2442 Et

74 2455 169 2508 consul
181 2456 341 2518 maturavit,
353 2462 381 2509 et
390 2456 504 2508 comitia
516 2471 549 2508 eo
562 2456 622 2521 (lic,
644 2459 692 2525 qui
704 2459 795 2511 dietus
807 2466 877 2524 erat,

73 2533 138 2577 sunt
152 2524 286 2592 perfecta.
324 2527 456 2579 Consules
472 2527 558 2578 creati
571 2526 604 2578 le.
616 2529 749 2580 Aemilius
760 2528 876 2581 Paullus

65 2596 180 2662 iterum,
201 2602 303 2669 quarto
315 2596 425 2653 decimo
435 2612 507 2649 anuo
517 2603 666 2664 qestqunm
675 2599 767 2663 urimo
779 2599 876 2652 consul

53 2664 162 2737 fueret,
176 2677 209 2726 et
219 2671 249 2726 C.
262 2669 396 2728 Licinius
405 2671 539 2726 Crassus.
557 2665 837 2723 Praetoresuostem
845 2665 889 2711 me
