1860 2994
12 100 22 109 “
129 123 790 195 n1sxu1v.cn.⁷.s.[ucsss.u‹:.2s9.]
815 125 869 178 ais

66 235 117 298 nit,
126 249 189 287 eum
201 239 358 286 commeatu
367 248 454 285 naves
464 233 573 294 venire,
593 232 705 299 (ingens
717 231 789 283 enim
801 231 870 282 cari·

66 311 112 357 tas
122 318 248 356 annonae
260 318 292 354 ae
303 318 389 370 prope
401 303 496 369 inopia
502 306 573 365 urat)
582 302 617 353 ab
624 301 800 353 invectisian
808 315 870 369 por·

67 381 127 427 tunt
138 374 230 436 audit,
251 375 395 425 onerarias
405 388 489 424 naves
498 372 663 441 Magnesiae
674 371 788 423 relictas
801 386 870 422 esse.

67 443 178 496 Incerto
187 443 263 506 inde,
277 443 410 510 quidnam
418 443 558 510 agendum
568 440 653 504 forst,
662 441 750 508 (adeo
760 441 821 493 sine
831 441 873 491 ul·

58 513 97 581 „in
107 527 161 583 ope
169 511 260 565 hostis
271 527 345 580 quae
354 520 536 581 aggravaret,
556 528 619 565 oiim
634 513 698 579 ipsu
709 509 873 564 difficultatn

63 583 354 651 neruinpugnanduni
368 585 447 650 erat)
464 580 873 651 poropportuneiiteraeaSp.
915 588 918 593 “

65 652 203 705 heretis
213 654 585 716 allatassuntteasoeliase,
594 652 875 720 quaesuperTsrnpe
914 700 920 717 ,

67 728 162 777 mont
172 729 201 776 et
211 724 286 776 eirea
294 723 414 787 Philam,
423 729 520 775 tenera
531 725 633 786 onnia,
643 721 834 790 frumentique
842 720 876 774 in

64 793 103 847 iis
114 798 144 847 et
151 793 269 845 aliarum
280 795 308 846 in
320 808 402 845 usnun
412 808 505 845 rerum
517 792 626 858 oopinn
635 792 785 845 inuenisse.

78 888 82 893 ·
118 859 877 931 Vssl.HismagnoperslaetusconsuiubssioadPhi-

64 930 126 987 lam
138 930 230 994 ducit,
250 932 335 982 simul
344 939 378 982 ut
388 931 559 998 praesidium
570 930 630 989 eius
640 931 772 996 firmata,
791 931 877 984 simul

60 1008 101 1057 -nt
109 1001 194 1053 militi
203 999 389 1064 frumentum,
407 1001 486 1052 euius
496 999 817 1064 tardsmbvsetioarat,
836 1000 878 1052 di·

66 1072 191 1126 rideret.
226 1070 270 1120 Ea
285 1067 424 1134 profectio
438 1068 543 1120 {amam
557 1067 770 1135 haudquaquam
782 1084 878 1121 secuu-

48 1136 135 1195 'siam
146 1138 255 1191 habuit„
271 1139 342 1190 nun
351 1138 412 1201 alii,
423 1145 499 1190 metu
510 1138 659 1190 recessisse
668 1152 731 1189 erum
741 1138 777 1188 ab
787 1136 879 1202 hosts,

67 1210 208 1272 fuebant,
215 1208 281 1275 quia
290 1208 415 1261 manenti
424 1208 455 1258 in
466 1207 560 1259 Pieria
570 1206 679 1274 proelio
689 1205 879 1259 dimicandum

68 1281 160 1333 tonat:
176 1279 235 1341 alii,
244 1281 383 1347 ignarum,
392 1277 463 1330 belli
472 1291 545 1346 qnae
556 1277 586 1328 in
596 1277 657 1331 dies
668 1274 784 1328 fortuna
795 1291 880 1329 nova·
923 1334 929 1341 ,

68 1356 124 1413 rat,
143 1347 220 1400 ultro
232 1348 415 1402 offerentibus
426 1363 488 1400 sesa
499 1347 591 1410 rebus,
613 1346 740 1399 emisisse
750 1346 785 1398 de
794 1347 883 1398 ruani-

69 1421 124 1474 uus
138 1434 185 1483 es,
204 1434 277 1486 quae
293 1428 359 1470 mox
374 1418 466 1486 repeti
482 1433 538 1469 non
547 1423 670 1485 possent.
705 1415 796 1470 Simul
806 1417 881 1470 enim

71 1489 157 1543 nessii
168 1489 346 1556 possessione
356 1488 414 1552 Dii,
426 1489 560 1541 excitarit
572 1488 692 1551 hostem,
703 1493 735 1539 ut
744 1493 811 1540 tunc
820 1494 880 1540 tun·

69 1560 137 1613 siem
151 1561 284 1622 sentiret,
305 1557 498 1623 recuperanda
512 1573 588 1620 essu,
611 1571 682 1624 quse
703 1559 782 1624 prius
796 1559 882 1624 eulpa

71 1629 287 1685 anissaiorent.
309 1626 414 1680 Audita
424 1628 497 1683 enirn
509 1627 685 1693 profectione
695 1627 828 1690 oonsulis‚
838 1642 882 1679 re·

72 1714 186 1770 gressus
196 1699 295 1761 Dium,
318 1712 390 1765 quas
406 1695 525 1749 disiecta
535 1712 569 1748 ae
579 1702 690 1748 vastata
701 1699 736 1747 ub
749 1696 882 1748 Romanis

71 1774 165 1833 erant,
185 1769 291 1820 reficit:
310 1769 410 1834 pinnas
421 1767 563 1819 moenium
575 1766 706 1817 decussas
715 1767 836 1831 reponit,
847 1766 882 1816 ab

76 1839 154 1892 omni
164 1845 244 1904 parte
256 1853 352 1892 muros
363 1837 469 1888 firmatr
482 1835 583 1888 deinde
594 1836 714 1901 quinque
724 1834 883 1901 miiliapas·

73 1924 157 1962 suum
167 1911 203 1961 ab
214 1911 283 1960 urbe
294 1909 367 1960 eitra
379 1908 469 1974 ripam
476 1905 578 1973 Enipei
589 1904 679 1957 amnis
691 1907 884 1972 eastraponit3

73 1993 186 2033 amnem
197 1979 296 2045 ipsum,
305 1979 429 2029 transitu
439 1976 640 2044 perdifficilem,
649 1988 701 2042 pro
710 1975 884 2027 munimento

76 2048 235 2102 habiturus.
269 2048 347 2101 Fluit
364 2063 399 2099 ex
416 2048 491 2100 valle
508 2045 623 2114 Olympi
638 2046 756 2107 montis,
777 2051 886 2097 aestate

77 2120 212 2186 exiguus3
228 2117 350 2170 hibernis
360 2118 436 2170 iden
446 2117 581 2169 inuitatus
592 2116 695 2184 pluviis
706 2121 736 2167 et
746 2131 830 2182 supra
840 2129 886 2167 ru·

75 2205 129 2260 pes
138 2188 265 2255 ingentes
277 2191 404 2255 gurgites
414 2187 493 2250 fucit,
505 2193 534 2240 et
544 2186 775 2254 infra,prorutam
787 2189 818 2238 in
829 2201 888 2236 ma·

76 2257 277 2314 rut-evolvendo
289 2264 402 2321 terram,
409 2258 552 2324 praealtas
562 2260 718 2326 voragines,
732 2264 887 2322 cavatoque

78 2329 173 2383 ntedio
194 2329 274 2380 alveo
295 2329 373 2397 ripas
387 2330 526 2395 utrimque
544 2329 722 2395 praecipites.
759 2327 824 2377 Hoc
838 2326 889 2377 flu·

78 2402 155 2454 mine
165 2399 283 2453 Perseus
294 2405 422 2479 saeptum
433 2399 489 2451 iter
500 2397 589 2450 hostis
601 2399 724 2459 credens,
741 2394 888 2448 extrahere

80 2471 219 2537 reliquum
229 2475 339 2534 tempus
352 2469 412 2520 eius
423 2468 539 2520 aestatis
551 2469 581 2518 in
593 2467 686 2519 animo
697 2465 826 2519 habebat.
845 2464 887 2513 ln·

79 2548 126 2592 ter
136 2538 205 2590 haee
217 2539 315 2590 consul
331 2554 349 2589 a
358 2536 439 2588 Phila
449 2537 603 2605 Popillium
612 2551 679 2588 euin
686 2532 903 2600 nunnnsnixxx'y

80 2612 134 2664 bus
152 2605 323 2661 armatorum
343 2608 523 2665 Heracleum
543 2607 652 2660 initiis.
691 2604 785 2652 nuent
798 2589 929 2656 niti&

71 2679 305 2749 quinquemillia
321 2680 418 2741 ferme
443 2697 611 2756 passuum,
630 2670 740 2728 nueru
751 2660 887 2722 sugium
904 2656 929 2689 ⁸³
