1860 2994
69 147 119 199 106
214 150 247 200 Τ.
266 148 371 202 LlVll
390 149 433 215 [U.
445 153 472 201 C.
485 155 544 217 572.
562 151 596 201 A.
610 151 637 199 C.
653 151 720 214 ibn]

67 252 129 302 bius
139 251 244 302 Labeo.
280 251 309 301 P.
320 251 453 314 Manlius,
470 252 517 318 qui
528 267 613 317 nuper
624 267 658 302 ex
667 251 753 303 alteri

67 319 165 387 spania
174 320 304 383 redierat,
316 321 445 377 triumvir
455 321 552 387 apulo:
566 322 599 384 Q.
609 320 724 373 Fulvius
734 322 754 372 ll

67 392 160 445 locum
179 391 240 441 dus
260 390 388 457 triumvir
406 392 564 452 cooptatus,
596 391 656 435 tum
674 390 754 452 praet

69 465 137 513 erat.
160 457 203 510 De
214 460 281 525 rege
291 452 415 508 sacrifico
426 454 584 509 sufficiendo
596 455 729 506 inlocum
741 454 754 504 l

67 529 135 582 aelii
145 527 310 578 Dolabellae
320 526 461 577 contentio
471 524 545 579 inter
555 526 585 577 G.
596 523 744 583 Servilium

68 612 128 650 cem
153 595 301 647 maximum
325 594 379 645 luit
405 599 434 646 et
457 594 496 645 L..
511 595 668 646 Cornelium
692 592 754 644 Dolr

67 658 240 717 duumvirum
252 663 391 726 navalem3
402 677 491 730 quem,
499 669 531 714 ut
541 665 754 732 inauguraret‚p

67 735 234 801 nsagistratu
249 749 311 785 sese
328 732 460 799 abdicare
479 732 603 785 iubebat:
625 739 754 785 recusant

67 801 162 856 facere
175 804 209 854 ob
221 818 282 855 eam
293 816 351 861 rem
363 801 449 861 nsulta
458 801 602 853 duumviro
614 800 754 869 dictaape

68 872 156 939 deque
167 886 213 935 ea,
229 885 312 937 quum
322 875 513 936 provocasset,
535 874 670 923 certatum
680 871 716 921 ad
727 883 754 935 pr

68 941 159 1003 Quum
170 939 264 1004 plures
275 940 330 989 iam
345 939 450 1000 tribus,
472 938 547 989 intro
561 944 693 1000 vocatae,
715 936 754 989 dit

68 1007 225 1071 audientem
236 1007 361 1074 pontifici
373 1007 560 1069 duumrirum,
580 1007 720 1070 iuberent,
738 1021 754 1059 u

68 1092 121 1145 quo
130 1074 245 1141 remitti,
255 1078 279 1127 si
290 1076 455 1158 magistratu
466 1090 495 1137 ss
507 1076 677 1140 abdicasset3
693 1075 754 1126 ultir

68 1144 162 1208 coelo,
183 1145 256 1213 quod
273 1145 388 1199 comitia
408 1146 544 1208 turbaret,
561 1144 719 1198 intervenit.

67 1214 135 1267 inde
152 1212 208 1267 fuit
247 1214 403 1267 ontificibus
422 1214 605 1281 inaugurandi
625 1213 754 1267 Dolabell

69 1281 206 1336 Cloelium
226 1228 348 1335 giculum
368 1283 578 1348 inaugurarent,
599 1285 645 1350 qui
665 1298 754 1337 secum

26 1356 29 1361 '
67 1351 250 1432 inauguratus
260 1356 330 1402 erat.
342 1352 425 1403 Exitu
436 1353 501 1403 anni
512 1354 578 1404 etc.
589 1351 754 1405 ServiliosG

67 1419 195 1489 pontifex
204 1419 340 1470 maximus
350 1419 483 1472 decessit:
493 1421 568 1474 idem
579 1422 716 1474 decemvir
725 1436 754 1473 sa

68 1489 131 1542 fuit.
166 1486 296 1539 Pontifex
311 1489 445 1542 inlocum
461 1491 520 1541 eius
543 1507 560 1542 a
579 1491 699 1559 collegio
720 1505 752 1541 co

68 1554 278 1618 ostendinus
287 1558 415 1610 Flaccus:
436 1564 466 1610 at
475 1560 601 1626 pontifex
618 1561 753 1611 mammus

68 1626 161 1679 milius
173 1626 308 1695 Lepidus,
329 1630 500 1696 quammulti
515 1629 585 1680 clari
598 1630 653 1681 viri
668 1631 754 1696 petias

68 1694 210 1751 decemvir
219 1711 359 1749 sacrorum
371 1699 406 1762 Q.
416 1697 536 1750 Marcius
547 1698 689 1766 Philippus
704 1699 733 1749 in
743 1713 754 1750 ε

69 1763 161 1817 locum
172 1772 214 1819 est
226 1780 278 1818 coo
299 1770 382 1819 tatus.
417 1766 455 1819 Et
471 1783 559 1835 augur
570 1766 614 1832 Sp.
625 1767 754 1819 Postumii

68 1849 120 1885 nus
130 1834 258 1887 decessit.
275 1783 303 1886 δι
315 1836 407 1888 locum
418 1836 477 1887 eius
487 1836 516 1888 P.
528 1835 691 1900 Scipionem,
700 1835 754 1886 filiu

68 1902 147 1965 cani,
163 1917 282 1969 augures
294 1910 467 1969 cooptarunt.
503 1903 631 1955 Cumanis
642 1916 675 1955 eo
687 1919 754 1955 anne

67 1968 143 2020 tibus
154 1970 330 2035 permissum,
351 1979 382 2021 ut
392 1973 503 2039 publice
513 1972 614 2024 Latine
629 1972 754 2039 loquerer

68 2039 254 2106 praeconibus
266 2040 366 2092 Latino
377 2040 511 2093 vendendi
520 2041 564 2092 ius
574 2047 655 2092 esset.

121 2105 219 2158 XLlll.
237 2104 344 2160 Pisanis
356 2125 452 2177 agrum
468 2110 679 2177 pollicentibus,
698 2125 753 2178 quo

69 2172 180 2227 colonia
192 2174 382 2240 deduceretur,
388 2181 495 2247 gratiae
506 2181 540 2230 ab
552 2185 651 2230 senatu
661 2184 747 2230 actae.

68 2241 120 2295 siri
132 2244 219 2312 creati
230 2244 265 2295 ad
276 2261 337 2298 eam
348 2262 405 2298 rern
417 2248 450 2308 Q.
461 2248 563 2299 Fabius
574 2248 673 2309 Buteo,
684 2247 722 2299 M.
736 2262 754 2298 e

67 2310 143 2433 pillii
151 2311 298 2365 Laenates.
311 2317 373 2368 Ao.
382 2317 495 2368 Maenio
505 2322 635 2384 praetore
645 2317 710 2381 (cui,
721 2331 752 2384 pr

89 2379 197 2433 ardinio
208 2397 290 2448 quum
302 2384 449 2447 evenisset,
462 2385 588 2437 additum
598 2392 671 2450 crat,
681 2392 712 2436 ut
722 2400 754 2452 qu

68 2446 104 2501 ds
123 2448 265 2502 veneficiis
286 2451 396 2519 longius
419 2455 453 2504 ab
471 2456 539 2506 urbe
555 2454 649 2507 decem
665 2455 754 2507 millib

68 2517 269 2581 suum)literne
281 2520 398 2588 allatae,
420 2521 454 2572 Se
474 2522 530 2575 iam
551 2523 610 2575 tria
632 2525 717 2577 millia
730 2523 754 2575 b

60 2587 219 2653 damnasse,
237 2597 394 2643 etcretcere
409 2589 460 2642 sibi
475 2591 657 2658 quaestionem
671 2592 754 2644 indici

49 2654 754 2734 eamss'bs'eucdeserendmn,outprovincioncdinsir
