1860 2994
169 48 222 101 230
299 51 350 117 1Τ.
371 46 821 115 L1v11[U.c.581.A.C.171.]

174 124 342 136 -——-—a——

171 149 228 203 elia
244 146 360 214 indigna
375 154 567 214 quererentur,
588 147 766 200 manifestum
781 156 877 200 eutem

168 216 303 285 pecunias
321 223 432 283 captas3
450 217 484 268 L.
500 218 633 268 Canuleio
649 217 786 284 praetori,
807 217 883 284 quil

171 287 246 337 niam
257 287 374 336 sortitus
386 291 454 348 crat,
469 288 613 354 negotium
624 288 718 339 datum
730 293 782 351 est,
795 292 828 338 ut
837 288 883 347 inl

169 354 224 416 los,
235 368 253 406 e
263 354 361 421 quibus
371 356 491 421 Hispani
501 356 631 422 pecunias
641 361 805 422 repeterent,
818 356 884 422 quin

170 430 350 491 cuperatores
361 440 395 476 ex
406 425 503 476 ordine
514 426 656 476 senatorio
668 427 756 487 daret,
772 431 883 492 patrone

100 522 103 527 -
170 508 240 560 quos
251 492 364 555 vellent,
385 493 511 544 sumendi
522 499 690 560 potestatem
701 494 816 546 faceret.
851 492 883 544 Vr

167 561 198 613 iu
218 562 322 613 curiam
343 563 447 631 legatis
466 563 612 616 recitatum
629 569 672 616 est
689 569 883 615 senatusconsu

168 631 293 698 iussique
313 633 457 683 nominare
478 638 619 698 patronos.
656 633 796 696 Quattuor
813 636 883 684 nomi

169 707 244 763 runt,
256 702 295 753 M.
306 701 435 761 Porcium
449 703 591 765 Catonem,
600 702 630 754 P.
642 703 799 755 Cornelium
810 702 883 754 Cn}

169 771 294 837 pionem,
313 771 348 822 L.
365 770 509 823 Aemilium
525 772 559 823 L.
569 773 600 824 F.
611 772 753 836 Paullum,
775 773 805 824 c.
816 770 884 838 Sulp

168 837 292 895 ¹(lullum.
329 840 397 890 cum
412 839 451 891 M.
466 841 573 892 Titinio
592 842 725 908 primum,
747 841 793 908 qui
812 856 883 908 prae·

168 905 291 970 Manlio,
311 907 352 960 Μ.
367 909 448 960 lunio
465 910 623 961 consulibus
641 913 670 961 in
687 911 817 963 citeriore
832 910 883 961 ilis

169 974 276 1039 fuerat,
295 984 506 1044 recuperatores
520 985 707 1046 sumpserunt.
742 979 792 1029 Bls
810 978 883 1046 ampl

169 1046 254 1098 tertio
269 1047 415 1100 absolutus
430 1055 473 1099 est
490 1064 563 1101 reus.
598 1048 745 1100 Dissensio
764 1048 836 1101 inter
852 1048 883 1099 dc

3 1090 71 1196 1ᾖ
167 1116 375 1182 provinciarum
393 1118 504 1185 legatos
514 1122 558 1168 est
568 1123 644 1168 orta:
663 1117 805 1168 citerioris
816 1118 883 1184 llisp

0 1183 2 1232 Γ
19 1191 20 1216 ³
56 1194 71 1241 r]
168 1184 267 1303 folmu
277 1184 316 1236 M.
327 1187 461 1237 Catonem
471 1191 502 1236 et
512 1184 684 1252 Scipionem3
697 1187 840 1238 ulterioris
850 1186 882 1239 L.

181 1269 228 1305 um
239 1258 267 1306 et
278 1253 389 1305 Gallum
401 1253 554 1320 Sulpicium
565 1261 698 1320 patronos
710 1260 883 1321 sumpserunt

168 1328 380 1388 recuperatores
395 1322 511 1375 adducti
528 1338 545 1373 c
561 1321 883 1389 citerioribustpopulisl

10 1380 22 1447 ἰ
44 1420 72 1455 ·,
169 1390 228 1443 rius
244 1389 356 1453 Philus,
375 1392 411 1442 ab
427 1390 609 1442 ulterioribus
622 1390 661 1442 M.
677 1392 827 1445 Matienus.
862 1390 883 1444 ll

51 1458 68 1511 ἶ.
169 1458 330 1523 Postumio,
349 1459 382 1521 Q.
398 1459 491 1513 Mucio
508 1460 668 1513 consulibus
684 1463 806 1514 triennio
829 1468 883 1513 ente

4 1568 8 1587 .
20 1570 30 1586 ..
65 1534 73 1563 '⁵
169 1529 283 1582 biennio
294 1531 379 1596 prius,
399 1530 432 1582 L.
443 1528 602 1594 Postumio,
619 1529 659 1582 Μ.
670 1529 791 1598 Popillio
803 1546 883 1583 consu

1 1618 20 1664 χ·
46 1598 55 1635 -“
65 1610 74 1665 ,ζ
171 1606 285 1666 praetor
296 1599 397 1652 luerat.
425 1599 604 1652 Gravissimis
615 1601 773 1652 criminibus
785 1617 883 1653 accuse

1 1684 25 1722 l'
54 1677 74 1701 ·¹
171 1668 417 1738 boempliatique:
439 1687 522 1737 quum
541 1670 659 1722 (licenda
670 1670 704 1720 de
713 1670 823 1735 integro
836 1686 883 1721 cau

171 1745 227 1801 set,
249 1741 375 1792 excusati
390 1741 481 1790 exsilii
500 1754 585 1790 causa
603 1738 693 1788 solum
709 1738 835 1787 vertisse.
871 1738 883 1786 l

0 1860 1 1877 χ
14 1772 23 1859 Ξ
171 1806 333 1870 Praeneste,
345 1807 484 1859 Matienus
496 1809 586 1858 Tibur
596 1804 750 1856 exsulatum
763 1804 883 1856 abierunt

172 1890 219 1929 me
235 1882 312 1938 eret,
333 1874 474 1940 prohiberi
495 1890 512 1925 a
526 1872 652 1940 petronis
671 1871 778 1923 nobiles
795 1888 827 1924 ac
844 1888 881 1940 po

173 1945 356 2008 compellare,
381 1944 515 2008 auxitque
539 1957 599 1994 eam
620 1940 806 2005 suspicionem
827 1945 883 1995 Can

0 2004 25 2073 J
58 2004 76 2065 μ*
174 2018 295 2079 preetor,
311 2011 395 2079 quod,
413 2013 516 2063 omissa
527 2026 561 2062 ea
572 2025 611 2072 re,
631 2009 771 2061 delectum
782 2011 883 2066 habere

25 2133 28 2140 ,
53 2086 77 2153 'j-
174 2080 237 2133 tuit.
269 2080 343 2133 Dein
354 2086 468 2146 repente
477 2081 506 2131 in
516 2079 686 2146 provinciam
698 2077 776 2141 abiit,
789 2096 823 2131 ne
834 2083 881 2147 plu

68 2162 72 2181 ¹
174 2150 308 2196 llinnnnis
320 2156 494 2196 vexarentur.
534 2149 590 2196 ltu.
610 2149 883 2196 praeteritionilentir
