1860 2994
461 20 492 49 ff·

19 156 30 243 q.
83 156 87 163 ¹
108 132 278 188 laram.
292 131 772 202 cm.8-1o.,[u.C.584.A.c.1ao.]
808 139 815 189 ἑ

19 249 20 261 ’
54 241 210 294 onerabant.
229 242 356 303 Perseus,
367 243 400 304 ll.
411 240 520 303 Fulvio,
532 239 565 290 L.
571 240 678 292 Manlio
690 242 821 292 consulib³

54 326 170 377 regnum
182 312 304 377 accepit:
327 327 344 362 a
354 317 452 362 senatu
463 326 513 362 rex
525 317 568 361 cat
579 311 747 376 appellatus,
767 311 806 363 M.
818 313 827 361 l

54 382 111 443 nio,
125 381 157 431 A.
169 380 278 431 Manlio
290 380 463 431 consulibua:
486 381 615 448 regnarit
626 380 752 432 undecim
764 396 832 433 anno

54 449 241 501 Macedonum
258 451 375 501 obscura
391 450 540 502 admodum
557 450 633 501 fama
648 465 734 519 usque
750 451 787 502 ad
797 450 837 502 Ph

54 519 162 587 lippum
172 521 311 586 Amyntae
323 520 410 571 lilium
420 518 488 572 luit:
502 520 568 573 inde
579 530 613 571 ac
622 535 673 587 per
683 535 746 571 eum
756 534 842 573 cresce

53 604 180 658 requam
195 588 346 657 coepisset,
362 591 494 658 Europae
512 606 543 642 ee
552 596 649 643 tamen
659 590 761 641 linibus
773 591 847 640 conti

54 660 125 722 nuit,
144 658 292 712 Graeciam
303 675 411 712 omnem
424 668 454 713 et
465 666 573 726 partem
582 660 720 713 Thraciae
731 666 815 727 atque
825 658 850 710 ll

54 728 139 798 lyrici
153 729 292 797 amplexa.
329 728 491 796 Superfudit
511 729 612 781 deinde
623 746 653 782 ae
664 730 810 782 inAaiam=
832 738 857 782 et

53 798 190 881 tredecim
202 801 292 862 annia,
311 799 410 866 quibus
420 799 578 881 Alexander
587 801 721 865 regnavit,
739 800 862 884 primum

53 870 659 1002 liliati,ltzttllnlllassmlalzt
670 876 863 991 titillat:

53 1023 124 1076 que,
144 1021 198 1073 qua
212 1013 351 1059 terrarum
367 1007 482 1058 ultimos
497 1009 566 1059 linea
578 1007 697 1059 Rubrum
715 1024 792 1061 nrare
806 1024 862 1060 arrr-

54 1075 200 1146 plectitur,
221 1075 390 1143 peragravit.
425 1078 498 1128 'l'um
510 1078 659 1129 maximum
668 1078 697 1127 in
707 1079 792 1129 terris
802 1078 863 1128 Ma-

54 1146 193 1200 redonum
210 1161 326 1213 regnum
343 1159 513 1213 nomenque;
534 1146 600 1199 inde
611 1153 702 1198 niorto
712 1145 863 1198 Alexandri

55 1216 223 1268 distractum
239 1216 267 1266 in
279 1215 369 1269 multa
377 1230 479 1283 regna,
501 1215 565 1267 dum
576 1215 613 1268 nd
624 1231 655 1268 ae
668 1216 783 1283 artisque
795 1230 863 1281 opea

54 1285 186 1352 rapiunt,
207 1285 362 1338 lacerantes
377 1288 435 1338 auia
450 1285 570 1337 viribuaz
590 1300 607 1337 a
625 1300 733 1337 summo
745 1285 863 1338 culmina

56 1354 190 1408 fortunae
201 1355 237 1408 ad
248 1356 379 1408 ultimum
389 1355 473 1410 linem
482 1362 594 1411 centum
605 1355 807 1426 quinquaginta
817 1369 864 1407 an·

48 1440 110 1478 -uoa
121 1424 209 1478 stetit
320 1436 323 1441 '
692 1452 695 1459 ·

111 1494 147 1547 X.
168 1494 314 1550 Victoriae
324 1498 467 1553 Romanae
477 1498 553 1553 lama
564 1514 646 1566 quum
656 1466 826 1566 peruasisset
834 1496 865 1549 in

56 1564 166 1628 Asiam,
187 1567 327 1629 Antenor,
344 1569 396 1686 qui
411 1585 473 1621 eum
485 1570 574 1622 clarae
586 1570 739 1621 lemborum
750 1567 786 1619 ad
796 1565 866 1619 Pha·

56 1649 109 1687 naa
119 1636 222 1697 stabat,
238 1638 342 1688 Cassan
363 1652 440 1689 ream
451 1637 517 1689 inde
525 1639 648 1690 traiecit.
678 1640 708 1688 c.
718 1637 864 1703 Popillius,

56 1704 108 1774 qui
121 1705 158 1757 ad
169 1705 271 1757 Delum
284 1706 423 1772 pracsidio
435 1706 552 1757 naribus
562 1705 757 1777 Mucedqnlam
769 1712 865 1770 peten-

57 1776 134 1828 tibua
150 1781 224 1836 erat,
244 1783 392 1842 postquam
410 1775 581 1827 debellatum
592 1775 622 1826 in
633 1774 814 1835 Macedonia,
836 1779 866 1826 et

57 1845 182 1897 statione
193 1851 346 1897 summotos
358 1844 482 1897 hostium
493 1844 600 1909 lemlpoa
611 1843 730 1905 audivit,
742 1842 866 1895 dimiaaia

59 1921 89 1968 et
97 1915 156 1980 ipae
161 1914 262 1967 Atticis
273 1916 398 1978 navibus,
409 1914 445 1967 ad
455 1920 613 1980 susceptam
623 1912 794 1980 legationem
804 1926 866 1979 per·

62 1983 194 2051 agendam
203 1986 336 2054 navigare
346 1987 505 2054 Aegyptum
516 1985 622 2052 pergit:
636 1991 667 2036 ut
679 1986 758 2051 priua
771 1996 866 2039 occur·

67 2068 119 2105 'ere
130 2052 265 2107 Antiocho
278 2062 385 2123 poscet,
405 2071 487 2122 quam
507 2055 542 2106 ad
553 2054 744 2107 Alexandreae
754 2055 866 2105 moenia

76 2122 211 2175 caederet.
247 2125 337 2185 Quum
358 2122 640 2194 praeterveherentur
654 2124 747 2177 Anium
769 2123 866 2192 legati,

78 2200 88 2245 t
99 2191 225 2259 Loryma
237 2196 395 2259 venissent,
416 2197 463 2263 qui
483 2202 580 2264 portus
591 2195 689 2264 viginti
700 2195 795 2262 paullo
808 2208 866 2246 am·

81 2262 135 2314 liua
145 2261 234 2313 millia
246 2263 280 2313 ab
291 2264 390 2317 Rhodo
402 2268 489 2329 abest,
501 2281 535 2318 ex
548 2264 665 2318 adverae
677 2267 739 2318 urbi
749 2264 804 2332 ipsi
816 2278 865 2330 po·

88 2339 146 2395 tua3
164 2331 303 2398 principer
314 2332 486 2387 Rhodiorum
498 2342 647 2388 occurrunt
663 2338 733 2402 (iam
745 2334 818 2386 enim
830 2348 865 2385 eo

92 2416 171 2468 ioque
182 2404 314 2455 victoriae
327 2402 404 2455 lama
414 2405 523 2471 perlata
535 2411 606 2469 erat)
619 2413 739 2468 orantes,
750 2412 782 2455 at
791 2402 865 2454 Rha·

98 2487 122 2523 m
133 2471 340 2525 depellerentur:
349 2474 490 2541 pertinere
499 2476 530 2529 id
539 2476 688 2546 adsumam
697 2476 864 2536 salutemque

103 2542 191 2605 itatis,
208 2558 317 2596 noscere
328 2543 401 2612 ipsae
411 2544 515 2609 amaria,
526 2562 595 2614 quae
606 2553 670 2596 aeta
681 2550 784 2601 eareat,
801 2557 866 2604 age-

110 2621 209 2680 tarque
221 2612 320 2676 Rhodi,
335 2623 363 2667 el
373 2624 514 2685 comperta
524 2632 576 2686 per
589 2629 695 2678 temon
703 2612 829 2674 aulum
840 2603 891 2668 5⁸·

119 2681 233 2736 Romam
243 2685 365 2759 referre
401 2688 465 2744 Diu
476 2693 625 2759 negantes
634 2672 859 2753 quamnam&
872 2665 917 2706 Ἃ
