1860 2994
65 312 100 365 aa
219 310 252 361 r.
272 307 380 363 Livii
401 306 638 376 [uenam.
654 304 720 373 aa]

66 433 107 479 sa,
128 421 158 468 et
168 414 297 465 nuntiata
306 428 433 481 peregre.
465 413 497 464 lu
507 426 573 463 area
582 410 705 462 Vulcani
715 417 744 461 et
755 410 833 463 (lonc

66 487 133 538 diae
154 484 316 551 sanguinem
339 484 428 550 pluit3
448 487 476 534 et
496 481 644 549 pontifices
666 479 761 531 hastas
783 494 833 532 mo·

64 554 239 617 nuntiavere,
259 558 289 606 et
299 551 419 605 Lanuvii
429 552 607 603 simulacrum
618 550 732 602 lunonis
744 549 833 617 stepo

65 624 242 679 lacrimasse:
264 628 293 675 et
304 623 467 690 pestilentia
477 624 507 674 io
517 622 601 689 agris,
619 619 753 688 lorisque,
768 626 799 673 et
810 636 833 673 ct

68 694 216 758 ciliabulis,
237 697 266 746 et
277 693 307 744 in
318 695 386 745 urbe
396 698 478 744 tanta
489 698 561 754 erat,
571 696 604 742 ut
614 691 741 743 Libitina
752 697 833 743 tunc·

67 763 217 816 sufficeret.
253 762 307 813 His
327 762 465 830 prodigiis
484 761 664 828 cladibusque
684 761 762 812 anxii
777 760 832 813 Pat

68 834 266 895 decreverunt,
287 837 319 883 ut
336 839 367 885 et
381 832 524 895 consules,
546 832 646 899 quibus
662 830 716 883 diis
728 829 833 887 rideret

67 902 171 956 hostiis
186 901 339 953 maioribus
354 904 559 965 sacrificarent,
581 906 611 954 et
624 900 775 955 decemviri
790 900 833 955 lib:

70 973 190 1028 adirent.
205 973 311 1034 Eorum
323 972 435 1025 decreto
447 972 614 1040 supplicatio
626 972 702 1024 circo
712 972 833 1037 omniap

69 1044 180 1096 maaria
197 1042 303 1094 Rornae
321 1043 353 1093 in
372 1043 445 1095 diem
466 1058 551 1093 unum
567 1043 674 1095 indicto
689 1046 742 1094 est.
776 1040 833 1092 lisd

72 1112 234 1167 auctoribus
245 1118 275 1163 ct
284 1116 396 1165 senatus
407 1113 524 1175 censuit,
540 1118 569 1164 et
580 1112 709 1164 consules
719 1110 833 1163 edixerit

70 1189 105 1235 ut
124 1188 279 1251 pertatem
295 1182 407 1233 ltaliam
421 1184 545 1235 triduum
560 1182 730 1250 supplicatio
745 1186 776 1232 et
789 1178 833 1232 ior

72 1259 176 1308 meent.
200 1252 380 1306 Pestilentiae
390 1257 471 1305 tanta
481 1253 525 1303 vis
536 1257 606 1316 erat,
618 1259 658 1316 ut,
669 1265 753 1319 quum
763 1263 833 1317 prop

72 1323 260 1376 defectionem
273 1324 431 1384 Corsorum,
445 1323 604 1388 bellumque
615 1322 649 1374 ab
660 1320 833 1375 Iliensibusc

73 1393 190 1445 citatum
210 1393 241 1443 io
251 1390 395 1453 Sardinia,
416 1397 481 1442 octo
494 1391 584 1442 millia
602 1392 729 1458 peditum
744 1404 781 1443 ex
797 1406 833 1442 so=

72 1463 170 1514 Latini
181 1461 299 1513 nominis
309 1459 560 1526 scribiplacuisset,
572 1466 600 1513 et
611 1468 754 1513 trecentos
765 1460 833 1528 equo

72 1546 142 1598 quos
152 1531 192 1581 hi.
204 1529 330 1580 Pinarius
345 1533 462 1594 praetor
476 1545 569 1580 secum
584 1531 614 1581 in
626 1531 785 1583 Sardiniam
800 1535 833 1582 tr·

74 1606 167 1661 caret,
188 1602 299 1649 tantum
320 1596 462 1647 hominum
481 1598 656 1652 demortuum
674 1616 749 1664 esse,
768 1606 834 1652 tant

72 1669 174 1737 ubique
192 1680 340 1733 aegrorum
357 1667 485 1719 consoles
495 1671 732 1734 renuntiaverint,
752 1677 785 1721 ut
797 1670 822 1722 is

71 1735 249 1791 memseffici
259 1736 382 1788 militum
393 1739 592 1804 nonpotaerlt.
623 1740 705 1803 Quod
722 1740 833 1794 deerat:

71 1810 163 1874 litum,
177 1821 288 1860 sumere
299 1820 317 1858 a
327 1808 375 1858 Cu.
387 1806 494 1860 Baebio
505 1811 681 1876 proconsule,
698 1813 746 1878 qui
756 1810 829 1862 Pisis

71 1880 226 1943 bernobat,
246 1878 340 1929 iussus
354 1882 482 1944 praetor,
504 1886 586 1947 atque
602 1881 667 1932 inde
683 1881 711 1930 in
722 1880 833 1933 Sardini

72 1949 214 2003 traiicere.
243 1948 278 2000 L.
291 1949 417 2000 Duronio
427 1951 560 2016 praetori,
572 1950 616 2001 eui
627 1951 772 2017 provincia
781 1952 833 2019 Api

73 2025 216 2080 evenerat,
226 2018 339 2070 adiecta
350 2018 384 2069 de
394 2019 613 2073 Bacchanalibus
625 2020 751 2086 quaestio
765 2027 822 2074 est:

71 2088 116 2138 ius
127 2087 241 2138 residua
253 2087 389 2153 quaedam
398 2090 476 2142 velut
485 2090 591 2142 semina
600 2104 635 2142 ex
644 2089 789 2156 prioribus
799 2105 833 2143 an

71 2157 129 2209 iam
148 2156 244 2221 priore
262 2171 335 2208 anno
351 2167 553 2225 apparuerantt
573 2159 723 2228 sedmagis
734 2159 833 2215 ineam

72 2224 149 2293 apud
159 2225 192 2277 L.
202 2224 321 2292 Pupium
333 2234 492 2294 praetorem
502 2231 682 2298 quaestiones
694 2236 783 2294 erant,
799 2244 833 2299 qu

72 2294 238 2347 aderitum
257 2295 347 2346 ullum
368 2298 527 2365 perductae.
563 2302 596 2353 ld
616 2316 762 2369 persecare
780 2315 833 2353 nor

72 2370 247 2433 praetorem,
269 2380 304 2417 ne
317 2374 442 2434 serperet
455 2369 555 2421 iterum
566 2372 667 2435 latius,
686 2370 786 2424 Patres
798 2374 833 2423 lut

73 2440 148 2486 runt.
184 2436 223 2486 Et
240 2434 317 2502 leges
338 2436 373 2488 do
389 2439 496 2489 ambitu
514 2442 642 2493 consules
662 2456 696 2494 ex
713 2441 833 2494 auctorit

76 2510 189 2556 senatus
202 2503 238 2555 ad
248 2504 381 2571 populum
393 2507 528 2561 tulerunt.

128 2573 190 2624 XX.
200 2573 368 2640 Legationes
380 2575 479 2628 deinde
485 2577 513 2628 in
523 2586 648 2632 senatum
659 2580 833 2634 introduxeri

74 2642 182 2709 Regum
193 2643 306 2710 primas,
324 2644 472 2709 Eumenis,
493 2653 521 2698 et
531 2648 688 2701 Ariarathis
699 2650 831 2718 Coppado

75 2720 104 2766 et
114 2711 263 2766 Pharnacis
275 2714 400 2766 Pontici:
415 2731 467 2767 noc
479 2717 555 2770 ultra
566 2720 712 2787 quicquum
724 2722 761 2772 iis
771 2736 833 2787 resp

65 2799 132 2833 som
144 2789 197 2848 est,
211 2800 295 2853 quam
306 2784 452 2851 missuros,
467 2789 517 2858 qui
526 2788 562 2842 de
574 2791 774 2842 controversiis
786 2805 833 2842 eor

52 2858 833 2932 ⁶⁰8¹10scerent,statuerantqueLacedaemoniorum
