1860 2994
136 130 170 180 78
287 126 320 176 Τ.
339 121 449 175 LIVH
469 121 513 189 [U.
525 121 553 172 C.
565 123 621 189 570.
634 122 666 172 A.
677 120 705 171 C.
721 119 789 188 182.]

134 229 257 297 neganti
267 227 443 278 Macedonum
463 241 551 276 essem.
586 224 683 290 Itaque
693 222 759 273 miii
771 239 830 273 cnm
842 224 930 275 Rom

12 287 13 300 ¹
48 344 54 357 ,
134 299 176 352 ssis
192 296 331 348 amicitiae
346 311 429 347 caasa
452 302 483 345 tn
497 292 599 364 foists',
617 301 709 360 poter.
748 292 844 356 Quoad
854 302 916 345 teon

134 367 190 418 iliis
203 382 265 433 pass
276 364 409 428 manebit,
431 371 533 415 mecam
544 377 647 428 quoqne
655 362 755 431 gratia
764 362 835 414 erit:
855 362 880 414 si
891 362 921 415 ic

133 437 189 487 lons
199 433 254 487 esse
265 435 392 501 coeperit,
403 432 450 500 qni
461 432 541 493 obses,
553 430 600 498 qssi
610 433 717 500 legatur
733 449 786 499 pro
794 442 878 499 patre
888 448 923 485 sss

132 503 241 556 inmitis
256 502 318 576 sisi,
339 502 408 553 idem
420 500 569 554 hostisiHis
580 500 730 552 acerrimae
741 518 805 554 ero..
832 501 890 554 Nec

133 572 191 634 die,
210 582 241 624 set
252 571 343 639 prosit
353 569 420 622 mtto·
434 569 534 640 gratia
544 568 746 633 Romanorum,
762 574 889 638 postolat
908 588 927 625 rs

134 641 215 704 obsit,
236 650 344 694 tentans
357 641 495 708 deprecor.
532 638 589 691 Neo
603 639 633 692 in
650 640 716 691 bello
727 640 828 708 coepit,
848 656 924 694 neca

134 712 232 763 bellom
242 718 407 763 reservatur.
443 708 529 765 Pacis
535 708 639 778 pigner
650 708 710 780 fai,
727 711 867 778 adparens
877 708 925 763 ret⁴

133 782 249 834 neniam
261 783 367 850 legatos
376 778 473 832 missor
482 795 550 832 sans.
582 778 687 830 Neutra
696 795 740 831 res
751 779 818 832 nint
829 796 878 833 nec
884 796 907 849 g
923 803 928 822 ι

133 851 205 914 riae,
214 867 264 904 nec
274 849 383 903 crimini
392 849 438 902 sit.
473 849 545 919 Ego,
559 847 583 900 ss'
593 847 659 917 aoid
668 848 749 916 impie
760 849 791 901 in
800 859 836 913 te,
852 858 906 917 pat

134 919 159 972 si
170 920 237 987 qnia
245 922 374 972 scelerate
384 919 414 973 irs
428 920 553 993 fratrem
568 917 681 982 admisi,
700 921 801 972 nnllam
818 919 923 987 depree

130 1005 263 1058 poenam:
273 989 296 1042 si
305 989 430 1042 innocens
440 1005 508 1052 sam,
519 1006 552 1041 ne
562 987 668 1040 insidia
679 987 851 1058 conflagrm,
864 1004 929 1056 qssss

136 1059 249 1113 crimine
260 1076 312 1113 nass
320 1059 430 1128 possim,
441 1062 580 1127 deprecor.
616 1057 676 1111 Non
687 1057 765 1110 hodie
776 1075 816 1110 mc
823 1057 929 1125 primis

131 1130 229 1205 frater
245 1138 372 1182 accusat.-
391 1131 438 1182 sed
449 1129 526 1182 lsodie
537 1127 660 1196 primum
675 1137 783 1197 aperte,
803 1128 876 1181 neella
887 1144 929 1180 rsse

133 1200 164 1252 in
174 1216 201 1252 se
211 1199 318 1252 merito.
356 1199 464 1252 Simila·
474 1208 558 1267 poter
579 1207 756 1261 succenseret,
777 1197 903 1249 temaior
925 1223 929 1239 r

130 1270 254 1343 fratrem
262 1286 317 1337 pro
328 1269 430 1321 minore
442 1265 584 1336 deprecari
593 1267 745 1335 oportebat,
756 1276 784 1318 te
794 1268 915 1319 adolesce

135 1339 206 1401 tiae,
226 1348 252 1390 te
263 1336 351 1390 errori
362 1336 468 1391 reniam
478 1337 635 1406 impetrare.
670 1337 706 1390 ln
716 1354 762 1400 ea,
782 1335 828 1388 sebi
838 1352 910 1404 prae

136 1408 210 1461 diam
226 1422 282 1458 esse
298 1406 450 1474 oportebat,
471 1406 511 1457 iii
526 1406 640 1460 exitium
655 1415 702 1459 est.
738 1406 767 1460 E
785 1406 907 1460 conaias'o
925 1440 930 1449 ·

136 1476 323 1530 comissatione
331 1492 419 1545 prope
428 1475 600 1530 semisomnos
611 1486 708 1544 raptor
717 1492 776 1532 sssm
788 1478 918 1529 adcensa
929 1504 930 1508 =

132 1545 283 1616 parricidii
303 1545 458 1598 dicendam.-
480 1545 538 1601 sine
560 1547 713 1611 advocatis,
733 1547 790 1599 sine
807 1545 924 1615 patroni

135 1615 194 1683 ipse
200 1631 253 1683 pro
264 1631 304 1667 me
315 1616 404 1693 dicere
415 1633 505 1685 cogor.
543 1616 575 1668 Si
590 1633 643 1684 pro
653 1617 708 1670 alio
719 1617 859 1669 dicendam
869 1631 925 1669 esse

139 1696 245 1754 tempos
266 1686 303 1737 asi
322 1686 507 1740 meditandam
529 1696 556 1740 et
571 1687 779 1754 componendam
796 1685 904 1739 oration
928 1717 930 1724 ι

138 1756 320 1824 sumpsissem,
342 1773 423 1825 qaum
443 1757 509 1826 qaid
530 1757 620 1825 aliosi,
640 1771 720 1823 qaam
732 1755 839 1824 ingenii
852 1756 884 1827 f«
908 1782 928 1798 «ι

138 1826 333 1894 periclitarer?
351 1827 481 1896 ignarus,
503 1826 568 1892 qnid
577 1826 723 1878 arcessitus
735 1839 832 1885 essem,
853 1835 880 1877 te
891 1825 928 1879 is·

140 1906 197 1947 tom
214 1905 241 1946 et
251 1896 387 1947 iubentem
399 1895 487 1947 dicere
497 1910 618 1955 cansam,
632 1894 758 1965 fratrem
772 1905 908 1950 accusant

140 1962 241 2016 audini.
266 1964 317 2016 ttte
329 1963 375 2015 din
385 1972 449 2015 ante
455 1972 639 2030 praeparata,
651 1961 780 2015 meditata
792 1962 822 2016 in
833 1980 875 2016 me
887 1983 928 2019 or:

140 2033 214 2086 tione
224 2041 264 2083 est
276 2047 354 2082 osas:
374 2049 423 2101 ego
439 2031 469 2083 isi
485 2041 591 2084 tantam
610 2032 752 2100 temporit,
772 2050 824 2101 qno
835 2050 895 2086 acc
925 2065 927 2069 ν

141 2112 184 2156 tssc
204 2104 278 2164 suis,
302 2102 340 2152 ad
357 2103 577 2170 cognoscendam,
604 2101 670 2170 qnid
689 2114 834 2173 ageretur,
855 2104 918 2158 tat

143 2171 242 2223 Utrum
256 2181 386 2224 momento
402 2171 450 2224 ilio
460 2171 544 2224 isarae
555 2182 739 2226 accusatorem
751 2173 892 2227 audirem?
916 2206 919 2215 ‹

140 2240 324 2312 defensionem
343 2239 508 2293 meditarer?
538 2242 681 2296 Attonitus
701 2242 842 2313 repentino
865 2254 906 2297 st
929 2273 930 2279 =

139 2310 280 2377 inopinato
291 2311 374 2373 maio,
393 2311 449 2374 aix,
470 2311 535 2379 aoid
546 2313 717 2377 obiiceretssr,
737 2312 927 2383 intelligerem

140 2379 198 2432 toi.-
218 2381 316 2432 nedem
331 2379 401 2432 sotis
416 2381 513 2445 sciam,
537 2399 587 2452 qao
603 2385 679 2437 morio
691 2402 731 2436 me
743 2394 832 2436 tuear.
873 2380 897 2445 Q
921 2380 928 2396 '

140 2448 207 2501 niti
220 2449 279 2518 spei
293 2458 376 2513 essct,
397 2451 452 2503 nisi
462 2462 574 2520 patrem
584 2453 700 2507 indicem
711 2452 853 2505 leniorem?
870 2466 926 2521 opst

140 2536 216 2588 qaam
227 2519 336 2574 etiarnsi
346 2520 466 2574 caritate
477 2539 494 2574 a
501 2523 598 2595 fratre
609 2523 711 2576 maiore
720 2523 822 2585 vincor,
842 2521 909 2575 mise

135 2590 233 2643 cordia
248 2600 322 2644 certe
337 2607 399 2644 reus
411 2591 482 2645 vinci
499 2609 551 2646 non
563 2594 649 2646 debeo.
684 2593 747 2662 Ego
758 2591 842 2656 enim,
862 2601 894 2644 sst

119 2657 312 2729 mele'tr'br'qae
323 2680 424 2731 serres,
438 2681 559 2736 precor:
579 2664 636 2730 iiie,
643 2670 676 2717 ssi
685 2678 727 2716 nne
736 2661 768 2715 'sn
777 2661 909 2713 securitas
