1860 2994
86 123 138 177 306
237 125 269 176 Τ.
288 121 395 175 LIVll
415 122 457 190 [U.
471 121 498 174 C.
511 119 569 176 584.
588 119 622 172 A.
633 120 662 173 C.
676 121 748 192 ma]

139 229 236 281 XLlll.
254 228 372 280 Perseus
392 227 428 278 ad
438 226 560 278 Pieriam
580 226 679 277 silvam
699 228 747 279 via
761 228 882 291 militari,

84 298 224 365 frequenti
234 300 344 365 agmine
354 297 478 365 equitum
496 302 524 348 ot
538 296 618 363 regio
638 296 790 362 comitatu,
809 298 881 367 fugit

84 369 175 421 Simul
185 369 213 419 in
225 368 326 419 silvam
335 372 446 418 ventum
458 371 515 430 est,
534 366 584 417 uhi
597 366 692 431 plures
707 366 838 421 divense
850 382 882 419 st
913 404 918 423 ÷

84 441 170 490 nritae
181 443 275 499 erant,
287 444 316 488 et
326 450 382 486 nox
392 435 648 503 appropinquabat3
668 450 732 487 cum
743 436 882 505 perpaucis
913 440 916 445 '

85 509 207 559 mraxime
217 507 279 559 fidis
289 505 335 556 via
345 505 472 557 devertit.
501 506 627 572 Equites,
638 505 699 557 sine
709 506 783 559 duco
793 505 885 569 relicti·

85 579 137 629 alii
147 578 205 628 alia
213 579 242 627 in
253 576 382 635 civitates
395 591 461 627 suas
473 574 576 640 dilapsi
588 580 666 626 sunt:
682 578 819 642 perpauci
830 574 883 629 inde

84 646 193 700 Pellam
204 644 332 707 celerius,
344 660 426 711 quam
437 645 497 711 ipse
507 643 634 707 Perseus,
646 645 714 712 quia
722 652 803 698 rocta
813 660 883 713 expa-

86 716 145 767 dita
154 715 201 766 via
210 715 316 777 ierant,
325 721 518 781 pervenerunt.
554 714 615 765 Rex
626 712 662 765 ad
672 714 797 769 mediam
806 714 884 769 forus

84 791 198 838 noctem
210 791 318 837 terrore
329 789 358 836 et
368 785 454 836 variis
470 783 684 836 difficultatibus
699 787 764 839 riae
777 790 885 839 vexato
911 810 915 851 1

86 862 138 909 est.
174 855 205 908 ln
214 855 294 923 regia
302 853 414 918 Perseo,
425 854 473 921 qui
482 854 577 907 Pellae
587 860 726 920 praeerat,
737 857 885 909 Euctusre
910 856 915 918 l

85 926 182 994 giique
197 926 277 992 pueri
297 930 410 991 praesto
426 929 515 977 erant.
551 923 656 977 Contra
677 940 712 978 aa
732 927 885 991 amicos-un,
910 919 915 941 '

86 996 143 1063 qui,
151 995 203 1048 alii
212 995 267 1047 alio
279 1010 344 1046 casu
354 995 469 1057 servati,
474 1008 509 1046 ex
518 995 627 1061 proelio
633 993 743 1047 Pellam
754 1003 886 1057 reneraot,

86 1081 171 1132 quom
190 1081 274 1133 saepe
288 1065 418 1117 arcessiti
437 1070 545 1128 essent,
566 1079 647 1116 nemo
670 1064 708 1118 ad
728 1081 795 1119 eum
814 1068 886 1120 venit
927 1089 929 1110 r

86 1137 158 1187 Tres
169 1143 248 1189 erant
259 1142 365 1188 tantum
377 1151 438 1187 cum
456 1150 491 1186 eo
509 1132 595 1201 fugae
611 1134 746 1199 comites,
767 1136 887 1189 Euander

88 1207 244 1269 Cretensis,
264 1205 325 1257 Neo
345 1204 496 1266 Boeotius,
517 1210 546 1256 et
566 1203 751 1257 Archidamus
771 1206 887 1260 Aetolus.
926 1238 928 1250 ·

87 1275 155 1324 Cum
168 1276 211 1337 iis,
222 1275 277 1325 iam
288 1274 527 1340 nrotuens,ne‚qui
537 1276 632 1326 venire
644 1274 679 1325 ad
691 1289 722 1325 se
733 1275 888 1337 annuerent,
928 1302 930 1318 ι

85 1346 179 1394 maius
190 1342 295 1410 aliquid
305 1357 371 1395 mox
383 1342 526 1406 auderent,
539 1349 639 1408 quarta
648 1344 750 1412 vigilia
760 1344 870 1467 prolog
928 1367 930 1382 ·

867 1428 889 1467 a·

86 1411 182 1464 Seeuti
193 1428 255 1465 eum
267 1418 333 1463 sunt
342 1412 491 1463 admodum
504 1413 649 1481 quingenti
661 1415 821 1469 Cretenses.
927 1448 929 1454 ι

85 1482 165 1534 tebat
174 1479 375 1548 Amphipolim:
397 1481 446 1534 sed
457 1488 539 1534 nocte
551 1499 568 1534 a
578 1481 658 1535 Polla
668 1486 789 1549 exierat,
800 1498 889 1554 propt·
927 1520 928 1525 =

85 1566 151 1603 rans
163 1558 227 1604 antc
239 1553 328 1605 lucem
340 1553 441 1604 Axium
454 1567 561 1604 onmem
572 1554 712 1617 traiicere,
734 1571 802 1609 eum
813 1558 889 1608 tinen
929 1574 930 1609 l

86 1624 231 1688 sequendi,
242 1630 355 1690 propter
367 1623 560 1677 difficultatem
572 1625 722 1689 transitus,
744 1625 810 1681 foro
819 1634 889 1681 ratus
929 1631 930 1655 ;

86 1693 229 1745 llornanis.

139 1762 240 1815 XLIV.
259 1765 417 1826 Consulem,
438 1780 520 1832 quum
533 1780 563 1816 se
575 1765 603 1816 in
615 1770 707 1817 castra
718 1767 814 1822 victor
824 1780 889 1821 rett-

86 1835 186 1899 pisset‚
206 1849 239 1886 ne
251 1835 360 1888 sincero
371 1835 473 1902 gaudio
484 1835 637 1896 frueretur,
660 1849 727 1885 cura
737 1836 775 1890 de
789 1839 889 1891 minora

86 1903 145 1952 lilio
156 1904 328 1955 stimulabat.
365 1904 395 1954 P.
407 1904 497 1969 Scipio
508 1903 532 1953 is
542 1909 617 1963 erat,
633 1903 786 1959 ‚thucanus
796 1916 825 1960 at
835 1909 888 1975 ipso
917 1934 921 1953 ι

84 1977 193 2038 postea,
205 1972 299 2024 deleta
309 1971 484 2038 Carthagine,
498 1972 669 2038 appellatus,
681 1978 822 2029 naturalis
832 1992 887 2030 con·

85 2040 154 2091 sulis
165 2040 267 2103 Paulli,
278 2040 429 2107 adoptione
440 2040 563 2094 Africani
574 2054 669 2106 nepos.
699 2044 735 2108 ls,
745 2048 887 2115 septimun

86 2109 224 2160 decimum
236 2115 301 2161 tunc
312 2126 412 2161 annum
422 2125 520 2178 ageos,
540 2110 613 2177 quod
625 2111 718 2177 ipsum
735 2131 834 2169 curam
848 2132 888 2169 au-

84 2178 184 2246 gebat,
207 2179 271 2228 dum
284 2179 372 2231 effuse
382 2180 509 2245 sequitur
519 2179 629 2245 hostes,
649 2185 677 2233 in
688 2191 801 2250 partem
811 2186 888 2241 alian

84 2248 168 2298 turba
179 2248 289 2299 ablatos
304 2255 378 2299 erat:
400 2255 442 2310 et,
464 2249 554 2302 serius
570 2268 654 2320 quum
670 2254 810 2321 redisset,
830 2264 889 2311 tunt
915 2296 921 2309 .

87 2318 210 2381 demum,
228 2323 343 2383 recepto
354 2319 461 2387 sospite
474 2320 546 2382 filio,
567 2323 701 2376 uictoriae
712 2330 814 2380 tantae
863 2340 889 2377 u·

89 2387 164 2439 dium
181 2387 277 2439 consul
295 2389 391 2440 sensit.
427 2389 613 2457 Amphipolim
635 2408 718 2461 quum
740 2396 801 2449 iam
821 2343 892 2451 fahs

88 2474 198 2526 pugnae
220 2459 406 2525 pervenisset,
428 2475 633 2529 concursusque
654 2469 848 2521 matronarum
866 2466 891 2517 in

87 2529 223 2597 templum
234 2529 352 2591 Dianae,
364 2544 446 2594 quam
452 2531 630 2598 Tauropolon
641 2540 751 2598 vocant,
764 2536 802 2589 ad
813 2549 890 2605 opero

80 2601 296 2670 exposcendam
312 2601 411 2666 heret3
427 2599 590 2662 Diodorus,
605 2603 657 2667 qul
668 2613 802 2667 qraearat
820 2605 890 2666 urii,

69 2683 225 2746 metuens,
237 2672 426 2740 nei'hraces,
434 2684 553 2740 quorum
564 2669 619 2720 duo
626 2669 898 2730 tamtummodo
