1860 2994
88 129 121 181 an
240 126 272 174 r.
294 123 401 174 mvn
421 123 463 188 [o.
478 122 574 174 oses.
587 120 657 168 ao.
672 119 739 183 aa]

88 208 161 277 'lum
171 224 283 288 Appius,
294 223 406 272 suadere
419 237 445 270 ee
457 235 619 285 magnopere
630 221 750 282 Achaeis,
763 221 842 284 dixit,
854 231 893 284 at,

90 297 152 346 darn
161 293 255 343 liceret
265 294 404 343 voluntate
414 306 465 342 tua
478 290 588 359 faeere,
601 289 725 356 gratiam
735 290 851 355 inirent,
862 308 895 343 ne

90 379 152 416 ireos
162 360 243 412 inviti
253 369 281 412 et
293 360 384 412 coacti
394 360 535 433 facerent.
572 357 653 408 Haeo
663 374 718 410 vox
728 359 827 411 audita
838 361 897 427 qui·

91 433 154 483 dem
167 444 228 480 cum
241 430 362 481 omnium
373 429 480 498 gannitu
491 433 548 490 est,
562 426 613 478 sed
622 435 727 480 metum
736 429 835 480 iniecit
846 434 897 480 irn-

71 532 76 539 -
90 505 189 568 perata
209 499 364 551 recusandi.
399 499 436 550 ld·
447 496 531 548 modo
547 497 699 564 petierunt,
722 509 754 550 at
768 497 912 566 Romani,=

92 586 160 638 qaae
180 568 349 631 viderentur,
381 569 411 620 ele
431 566 653 619 Lacedaemoniis
673 576 826 630 mutarent,
849 581 898 620 aee

91 638 210 690 Achaeae
221 638 353 707 religione
363 636 570 706 obstringerent,
575 635 660 688 irrita
670 653 787 705 ea,qaae
795 635 898 688 loreia·

92 709 178 759 rande
194 707 362 771 sanxissent,
374 706 510 779 faciendi.
546 707 699 758 Damnatio
713 713 822 758 tantum
834 705 900 759 Arei

95 782 124 829 et
134 777 296 840 Alcibiadis,
307 791 377 844 quae
388 791 477 844 nuper
487 775 564 828 faeta
574 782 643 838 erat,
655 776 766 829 sublata
777 780 830 828 est.
866 798 871 808 ·

147 847 301 900 XXXVlll.
319 847 425 899 Romae
440 846 577 913 principio
594 848 654 899 eius
672 847 750 910 anni,
770 859 854 912 quum
865 843 900 896 de

95 916 247 982 provinciis
260 917 402 967 consulum
413 922 442 967 et
451 922 612 983 praetorum
624 922 717 967 aetum
729 921 816 977 esset,
837 928 901 964 con-

95 986 203 1037 sulibus
218 986 352 1053 Ligures,
374 986 438 1052 quia
456 985 561 1037 bellum
584 1000 718 1051 nusquam
739 985 809 1037 alibi
829 987 899 1044 erat,

97 1055 212 1107 decreti.
248 1055 411 1118 Praetores,
433 1057 462 1107 c.
473 1053 616 1107 Decimius
630 1056 733 1107 Flavus
754 1055 899 1114 urbanam,

95 1123 126 1175 P.
138 1125 282 1178 Cornelius
294 1124 434 1194 cethegus
443 1125 520 1177 inter
529 1125 603 1175 cirea
618 1130 648 1176 et
666 1124 828 1190 peregrinos
842 1135 901 1172 sor·

95 1194 146 1244 titi
158 1200 237 1256 sunt3
257 1196 286 1244 C.
297 1194 476 1258 Sempronius
491 1193 609 1244 Blaesus
624 1191 761 1254 Siciliam,
782 1193 816 1253 Q.
827 1190 901 1243 Nae·

17 1317 21 1327 p
95 1263 158 1312 rius
168 1261 268 1312 Matho
280 1260 444 1323 Sardiniam,
456 1266 485 1312 et
496 1266 526 1310 ut
537 1260 608 1311 idem
621 1261 656 1313 de
667 1262 807 1313 veneficiis
818 1274 900 1328 quae·

95 1335 184 1389 reret,
195 1331 226 1378 Α.
238 1329 388 1379 Terentius
400 1327 491 1379 Varro
501 1329 666 1394 Hispaniam
679 1331 855 1392 citeriorem,
868 1329 900 1380 Ρ.

97 1396 275 1462 Sempronius
287 1396 400 1463 Longus
414 1396 581 1462 Hispaniam
598 1400 771 1452 ulteriorem.
806 1399 851 1450 De
863 1398 901 1449 ils

98 1466 205 1517 duabus
220 1465 370 1530 provinciis
385 1466 471 1534 legati
487 1467 580 1532 perid
596 1469 655 1521 fere
670 1476 793 1536 tempus,
812 1467 847 1520 L.
858 1468 902 1519 lu·

96 1536 208 1586 ventius
220 1531 330 1586 Thalna
350 1542 379 1586 et
393 1536 426 1587 Τ.
440 1537 608 1599 Quinctilius
625 1538 730 1602 Varus,
749 1541 905 1591 venerante
920 1530 924 1539 '

98 1605 160 1672 qui,
181 1609 314 1670 quantum
330 1605 433 1657 bellum
449 1607 506 1657 iam
522 1606 701 1676 profligatum
716 1610 746 1658 in
763 1606 902 1674 Hispania

99 1680 183 1737 esset,
195 1682 292 1727 senatu
303 1675 413 1738 edocto,
424 1676 602 1743 postularunt
613 1679 703 1738 simul,
714 1683 745 1727 ut
756 1693 806 1742 pro
818 1677 902 1728 rebus

99 1749 157 1795 tam
168 1760 300 1811 prospere
312 1747 399 1812 gestis
411 1747 465 1798 diis
476 1747 680 1798 immortalibus
692 1745 841 1795 haberetur
853 1744 903 1796 ho-

99 1828 163 1874 nos,
185 1820 213 1863 et
223 1821 255 1864 ut
264 1816 440 1878 praetoribus
457 1817 611 1867 exercitum
627 1814 775 1878 deportare
791 1811 903 1866 liceret.

100 1881 275 1944 Supplicatio
286 1882 316 1931 in
331 1882 445 1933 biduum
462 1883 575 1934 decreta
590 1888 641 1934 est.
677 1880 721 1932 De
745 1881 904 1945 legionibus

100 1949 295 2014 deportandis,
306 1965 389 2016 quum
401 1950 437 2002 de
446 1951 590 2003 consulum
600 1955 815 2017 praetorumque
825 1966 904 2003 exer·

101 2018 203 2069 citibus
225 2026 368 2085 ageretur,
395 2035 453 2071 rem
477 2021 613 2088 integram
636 2018 736 2071 referri
756 2021 905 2071 iusserunt.

99 2087 208 2139 Paucos
219 2094 283 2154 post
295 2088 355 2139 dies
366 2090 526 2141 oonsulibus
537 2092 564 2140 in
574 2091 694 2157 Ligures
717 2089 797 2142 binae
817 2089 905 2157 legio·

100 2172 160 2218 nes,
173 2172 240 2222 quas
251 2159 301 2223 Ap.
313 2159 447 2210 Claudius
459 2165 488 2210 et
498 2160 538 2211 M.
550 2159 729 2226 Sempronius
739 2159 905 2221 habuerant,

103 2225 233 2278 decretae
244 2234 316 2278 sunt.
328 2228 371 2280 De
383 2229 551 2281 exercitibus
561 2230 794 2296 Hispaniensibus
805 2242 907 2296 magua

103 2296 245 2348 contentio
255 2295 310 2347 tuit
320 2300 393 2349 inter
401 2314 489 2350 noros
499 2306 642 2366 praetores
654 2307 684 2352 et
694 2299 799 2351 amicos
810 2299 907 2350 absen-

103 2365 187 2428 tium,
209 2367 351 2432 Calpurnii
362 2368 547 2436 Quinctiique.
584 2371 707 2436 Utraque
720 2384 803 2420 causa
820 2367 908 2419 tribu·

104 2450 154 2487 nos
166 2435 266 2504 plebis,
276 2443 394 2503 utraque
406 2438 533 2491 consules
544 2437 674 2491 habebat.
710 2439 761 2501 lli,
781 2453 812 2489 se
822 2436 908 2487 inter·

106 2521 233 2558 cessuros
245 2507 499 2570 senatusconsulto,
521 2509 545 2558 si
561 2507 748 2575 deportandos
763 2509 908 2558 censerent

96 2578 253 2638 exercitus,
266 2576 481 2643 denuntiabant3
503 2577 559 2642 illi,
570 2579 595 2630 si
606 2578 675 2630 haee
686 2576 848 2628 intercessio
860 2576 907 2627 ile·

75 2643 137 2695 '⁶⁴²3
161 2642 276 2698 nullam
290 2647 459 2704 romuliam
477 2649 799 2713 sedeoernipassuros.
826 2643 918 2693 nassa
