1860 2994
92 102 454 180 nonnionem.
467 122 762 191 [ussermann]
784 123 836 177 ιιι

30 247 117 287 naves
128 228 288 283 Chalcidem
307 234 513 282 convenerunt:
535 227 606 281 duae
616 226 738 283 Punicae
757 230 840 296 quiu-

30 317 183 372 queromes,
195 300 267 353 duae
277 300 313 353 ab
320 299 461 351 Heraclea
472 313 507 351 ex
513 297 604 350 Ponto
614 302 751 364 triremes,
763 305 840 367 quat·

31 381 99 425 tuor
110 369 304 436 Chalcedone,
323 370 442 424 totidem
453 368 548 432 Samo,
563 375 625 423 turn
636 370 757 437 quinque
768 369 843 421 Rho·

34 442 99 495 diae
109 442 308 509 quadriremes.
344 441 404 493 Has
416 445 538 507 praetor,
557 440 624 508 quia
634 455 770 507 nusquam
781 445 844 492 erat

32 511 204 565 maritimum
223 511 341 575 bellum,
358 510 469 563 remisit
488 509 582 562 ιιιιιι.
617 509 703 571 lieu.
718 510 844 563 Marcius

34 581 198 639 Chalcidem
209 582 327 633 navibus
337 584 423 644 venit,
432 581 521 647 Alope
532 587 624 649 captu,
634 579 761 643 Larissa,
772 595 844 661 quae

34 653 179 707 Cremaste
198 651 314 715 dicitur,
335 657 505 719 oppugnata.
541 652 635 713 Quum
649 647 694 703 hic
707 650 822 703 status'
813 665 845 701 ιιι

32 721 155 777 Boeotia
163 729 246 786 esset,
252 722 381 784 Perseus,
387 737 472 789 quum
483 719 683 788 adsycurium,
693 720 766 775 sicut
778 726 845 773 ante

33 790 206 855 dictumest,
225 790 467 854 stativahaberet,
484 790 758 858 frumentandique
769 791 846 843 circu

33 875 69 917 ex
80 862 157 928 agris
170 869 315 925 convecto,
327 860 362 915 ad
371 861 538 915 vastandum
550 860 845 930 agmmPireracorum

32 930 126 997 misit3
144 937 224 983 ratus
244 931 280 983 ad
297 931 431 983 iuvandas
445 932 585 983 sociorum
602 933 686 985 rubes
700 932 812 998 longius
827 944 847 983 a

32 1001 137 1055 caenis
147 1000 306 1052 abstractos
316 998 488 1066 deprehendi
498 1001 639 1054 Romanos
650 1015 742 1067 posse
766 1000 846 1061 Quos

32 1070 120 1195 mm
131 1085 166 1123 ιο
177 1071 299 1122 tumultu
310 1068 380 1121 nihil
391 1075 483 1121 motos
494 1070 748 1133 animadvertisset,
766 1084 847 1137 prae-

110 1139 234 1206 quidem,
242 1145 444 1221 praeterquam
455 1137 607 1202 hominurn,
627 1143 743 1206 (pecora
753 1145 848 1190 autem

34 1211 156 1329 meninge
174 1209 265 1262 omnis
280 1209 393 1277 generis
407 1205 504 1272 fuere)
525 1208 621 1261 divisit
632 1209 669 1261 ad
679 1208 847 1275 epulandum

32 1280 120 1333 militi
141 1295 181 1331 ιι.

87 1347 175 1401 Lvu.
191 1346 248 1400 Sub
259 1347 334 1399 idem
346 1346 448 1401 deinde
458 1355 571 1416 tempus
582 1348 726 1400 consilium
738 1352 768 1401 et
779 1361 848 1401 cou-

33 1418 81 1477 eul
92 1424 121 1471 et
131 1434 182 1470 rex
192 1418 358 1482 habuerunt,
367 1418 440 1473 uude
451 1419 558 1471 bellum
569 1420 737 1472 ordirentur.
760 1418 847 1486 Regis

35 1494 185 1542 creverunt
206 1488 292 1540 animi
312 1489 471 1542 vastatione
491 1505 625 1542 concessu
640 1490 695 1543 sibi
711 1488 746 1541 ab
764 1487 847 1542 hoste

33 1557 154 1613 Pheraei
175 1560 245 1624 agri.
281 1558 378 1626 itaque
396 1559 518 1611 eundum
536 1560 601 1613 inde
618 1561 654 1613 ιιι
665 1566 773 1623 castra,
795 1575 848 1612 nec

35 1628 159 1681 dandum
169 1629 247 1680 ultra
257 1629 379 1695 spatium
392 1629 547 1693 cunctandi,
569 1630 708 1683 censebat
744 1630 782 1681 Et
793 1630 848 1682 Bo·

35 1699 113 1752 mani
128 1699 289 1760 censebant,
311 1699 517 1751 cunctationem
531 1715 610 1750 suam
629 1700 762 1750 infamem
773 1697 848 1763 apud

36 1769 131 1821 socios
143 1784 214 1832 esse,
225 1767 417 1834 maximopere
427 1768 539 1836 indigne
550 1769 682 1830 ferentes,
694 1783 750 1819 non
760 1768 848 1817 latam

35 1838 173 1893 Pheraeis
185 1854 275 1905 opem.
312 1837 555 1902 consultantibus,
567 1838 639 1923 'quid
650 1843 774 1920 agerent,
784 1835 849 1900 (ad-

36 1915 119 1965 orant
133 1914 225 1962 autem
237 1909 377 1960 Eumenes
395 1913 424 1959 et
434 1908 573 1961 Attalus'
565 1925 594 1960 nn
610 1906 746 1991 consilio)
761 1907 849 1974 trepi-

36 1979 92 2032 dus
113 1979 228 2031 nuntius
249 1978 342 2040 affert,
364 1976 474 2030 hostem
490 1994 592 2048 magno
609 1980 719 2047 agmine
739 1978 848 2031 adesse

37 2048 162 2103 Consilio
178 2049 308 2111 dimisso,
327 2049 436 2115 signum
456 2051 595 2116 extemplo
609 2051 706 2112 datur,
726 2054 757 2100 ut
767 2064 847 2101 arma

36 2118 162 2186 capiant.
196 2119 311 2172 Interim
328 2118 438 2185 placet,
460 2134 494 2171 ex
512 2119 597 2187 regiis
609 2120 724 2171 auxiliis
735 2125 849 2171 centum

35 2190 150 2256 equites
176 2195 204 2241 et
229 2204 323 2255 parem
351 2203 495 2241 numerum
516 2191 702 2242 iaculatorum
722 2189 849 2256 peditum

36 2259 126 2314 exire.
153 2258 272 2312 Perseus
282 2257 354 2310 hora
365 2257 454 2311 forme
465 2259 521 2310 diei
530 2267 639 2327 quarta,
654 2276 739 2328 quum
751 2257 847 2338 paullo

34 2330 102 2398 plus
124 2329 199 2381 mille
217 2344 315 2397 passus
327 2329 437 2380 abesset
450 2346 467 2381 a
477 2333 578 2382 castris
589 2332 738 2393 Romanis,
758 2327 850 2382 consi·

35 2406 114 2452 stare
134 2399 215 2465 signa
232 2399 356 2465 peditum
378 2400 471 2452 iussit.
507 2399 718 2469 Praegressus
710 2415 770 2465 epse
786 2411 848 2449 cum

37 2469 181 2536 equitibus
193 2485 225 2520 ac
236 2469 290 2520 levi
302 2476 452 2533 armatura,
462 2473 584 2539 etCotys
596 2487 657 2522 cum
669 2486 702 2520 eo
711 2470 850 2530 ducesque

37 2540 160 2592 aliorum
172 2539 339 2590 auxiliorum
346 2548 567 2603 praecesserunt
576 2539 865 2625 'Minusuuxnaema

60 2625 140 2661 assus
155 2610 189 2661 ab
202 2609 301 2661 castris
316 2609 404 2665 abere
406 2617 454 2678 1‚nt
477 2629 568 2684 uum
576 2628 614 2663 ιιι
623 2598 888 2667 conauuffim‘·

50 2678 153 2730 esuum
174 2681 303 2747 equites·
326 2682 405 2741 duae
428 2687 498 2743 aiae
525 2689 617 2739 erant
631 2686 750 2741 magna
765 2678 807 2716 eu
815 2659 888 2723 W*
