<?xml version="1.0" encoding="UTF-8"?>
<!DOCTYPE html PUBLIC "-//W3C//DTD XHTML 1.0 Transitional//EN"
    "http://www.w3.org/TR/xhtml1/DTD/xhtml1-transitional.dtd">
<html xmlns="http://www.w3.org/1999/xhtml" xml:lang="en" lang="en">
 <head>
  <title>
</title>
<meta http-equiv="Content-Type" content="text/html;charset=utf-8" />
  <meta name='ocr-system' content='tesseract 3.04.00' />
  <meta name='ocr-capabilities' content='ocr_page ocr_carea ocr_par ocr_line ocrx_word'/>
</head>
<body>
  <div class='ocr_page' id='page_1' title='image "./tliviipatavinih01livigoog_0336.png"; bbox 0 0 1860 2994; ppageno 0'>
   <div class='ocr_carea' id='block_1_1' title="bbox 69 165 788 240">
    <p class='ocr_par' dir='ltr' id='par_1_1' title="bbox 69 165 788 240">
     <span class='ocr_line' id='line_1_1' title="bbox 69 165 788 240; baseline 0.006 -18"><span class='ocrx_word' id='word_1_1' title='bbox 69 169 145 222; x_wconf 79' lang='lat' dir='ltr'><strong><em>Lso.</em></strong></span> <span class='ocrx_word' id='word_1_2' title='bbox 159 168 246 224; x_wconf 83' lang='lat' dir='ltr'>XLV.</span> <span class='ocrx_word' id='word_1_3' title='bbox 257 173 331 225; x_wconf 75' lang='lat' dir='ltr'><strong><em>Cre.</em></strong></span> <span class='ocrx_word' id='word_1_4' title='bbox 341 171 384 223; x_wconf 78' lang='lat'><strong><em>24.</em></strong></span> <span class='ocrx_word' id='word_1_5' title='bbox 403 165 693 240; x_wconf 60' lang='lat' dir='ltr'><strong><em>[15.C.585.A.c.1ny.]</em></strong></span> <span class='ocrx_word' id='word_1_6' title='bbox 738 172 788 227; x_wconf 83' lang='grc'><strong><em>337</em></strong></span> 
     </span>
    </p>
   </div>
   <div class='ocr_carea' id='block_1_2' title="bbox 19 276 857 2830">
    <p class='ocr_par' dir='ltr' id='par_1_2' title="bbox 19 276 797 1727">
     <span class='ocr_line' id='line_1_2' title="bbox 43 276 792 347; baseline 0.004 -20"><span class='ocrx_word' id='word_1_7' title='bbox 43 276 143 339; x_wconf 71' lang='lat' dir='ltr'><strong><em>xxiv.</em></strong></span> <span class='ocrx_word' id='word_1_8' title='bbox 159 276 233 339; x_wconf 80' lang='lat' dir='ltr'><strong><em>Quid</em></strong></span> <span class='ocrx_word' id='word_1_9' title='bbox 241 276 330 345; x_wconf 77' lang='lat' dir='ltr'><strong><em>igitur</em></strong></span> <span class='ocrx_word' id='word_1_10' title='bbox 340 287 458 347; x_wconf 85' lang='lat' dir='ltr'><strong><em>superat,</em></strong></span> <span class='ocrx_word' id='word_1_11' title='bbox 470 280 539 345; x_wconf 76' lang='lat' dir='ltr'><strong><em>puori</em></strong></span> <span class='ocrx_word' id='word_1_12' title='bbox 545 296 703 347; x_wconf 76' lang='lat' dir='ltr'><strong><em>purgemus,</em></strong></span> <span class='ocrx_word' id='word_1_13' title='bbox 710 280 733 329; x_wconf 77' lang='lat' dir='ltr'><strong><em>ti</em></strong></span> <span class='ocrx_word' id='word_1_14' title='bbox 743 296 792 330; x_wconf 87' lang='lat' dir='ltr'><strong><em>ucc</em></strong></span> 
     </span>
     <span class='ocr_line' id='line_1_3' title="bbox 19 346 792 409; baseline 0 -11"><span class='ocrx_word' id='word_1_15' title='bbox 19 355 99 398; x_wconf 72' lang='lat' dir='ltr'><strong><em>ictum</em></strong></span> <span class='ocrx_word' id='word_1_16' title='bbox 111 346 204 397; x_wconf 79' lang='lat' dir='ltr'><strong><em>hostile</em></strong></span> <span class='ocrx_word' id='word_1_17' title='bbox 217 348 301 397; x_wconf 81' lang='lat' dir='ltr'><strong><em>ulium</em></strong></span> <span class='ocrx_word' id='word_1_18' title='bbox 310 358 430 399; x_wconf 88' lang='lat' dir='ltr'><strong><em>nostrum</em></strong></span> <span class='ocrx_word' id='word_1_19' title='bbox 443 357 490 409; x_wconf 86' lang='lat' dir='ltr'><strong><em>est,</em></strong></span> <span class='ocrx_word' id='word_1_20' title='bbox 512 357 539 399; x_wconf 91' lang='lat' dir='ltr'><strong><em>et</em></strong></span> <span class='ocrx_word' id='word_1_21' title='bbox 548 348 630 400; x_wconf 84' lang='lat' dir='ltr'><strong><em>oeric</em></strong></span> <span class='ocrx_word' id='word_1_22' title='bbox 643 348 792 400; x_wconf 79' lang='lat' dir='ltr'><strong><em>tumidiora</em></strong></span> 
     </span>
     <span class='ocr_line' id='line_1_4' title="bbox 19 414 792 484; baseline 0.003 -18"><span class='ocrx_word' id='word_1_23' title='bbox 19 415 78 483; x_wconf 69' lang='lat' dir='ltr'><strong><em>groti</em></strong></span> <span class='ocrx_word' id='word_1_24' title='bbox 88 414 235 483; x_wconf 79' lang='lat' dir='ltr'><strong><em>offensione</em></strong></span> <span class='ocrx_word' id='word_1_25' title='bbox 246 415 354 467; x_wconf 84' lang='lat' dir='ltr'><strong><em>aurium</em></strong></span> <span class='ocrx_word' id='word_1_26' title='bbox 366 435 419 469; x_wconf 89' lang='lat' dir='ltr'><strong><em>non</em></strong></span> <span class='ocrx_word' id='word_1_27' title='bbox 440 417 587 484; x_wconf 88' lang='lat' dir='ltr'><strong><em>perniciem</em></strong></span> <span class='ocrx_word' id='word_1_28' title='bbox 601 418 724 471; x_wconf 85' lang='lat' dir='ltr'><strong><em>civitatis</em></strong></span> <span class='ocrx_word' id='word_1_29' title='bbox 740 434 792 469; x_wconf 91' lang='lat' dir='ltr'><strong><em>me·</em></strong></span> 
     </span>
     <span class='ocr_line' id='line_1_5' title="bbox 19 484 793 541; baseline 0.004 -6"><span class='ocrx_word' id='word_1_30' title='bbox 19 487 127 537; x_wconf 82' lang='lat' dir='ltr'><strong><em>serunt?</em></strong></span> <span class='ocrx_word' id='word_1_31' title='bbox 143 484 297 537; x_wconf 79' lang='lat' dir='ltr'><strong><em>l&#39;oluntutis</em></strong></span> <span class='ocrx_word' id='word_1_32' title='bbox 307 495 417 539; x_wconf 85' lang='lat' dir='ltr'><strong><em>nostroe</em></strong></span> <span class='ocrx_word' id='word_1_33' title='bbox 427 487 531 540; x_wconf 77' lang='lat' dir='ltr'><strong><em>tacitae</em></strong></span> <span class='ocrx_word' id='word_1_34' title='bbox 542 488 615 541; x_wconf 76' lang='lat' dir='ltr'><strong><em>uelut</em></strong></span> <span class='ocrx_word' id='word_1_35' title='bbox 626 487 701 540; x_wconf 82' lang='lat' dir='ltr'><strong><em>iitem</em></strong></span> <span class='ocrx_word' id='word_1_36' title='bbox 713 488 793 541; x_wconf 85' lang='lat' dir='ltr'><strong><em>uesti-</em></strong></span> 
     </span>
     <span class='ocr_line' id='line_1_6' title="bbox 19 553 796 623; baseline 0.004 -18"><span class='ocrx_word' id='word_1_37' title='bbox 19 553 65 623; x_wconf 84' lang='lat' dir='ltr'><strong><em>uri</em></strong></span> <span class='ocrx_word' id='word_1_38' title='bbox 76 554 173 606; x_wconf 84' lang='lat' dir='ltr'><strong><em>nestris</em></strong></span> <span class='ocrx_word' id='word_1_39' title='bbox 184 554 257 607; x_wconf 83' lang='lat' dir='ltr'><strong><em>inter</em></strong></span> <span class='ocrx_word' id='word_1_40' title='bbox 265 572 311 607; x_wconf 86' lang='lat' dir='ltr'><strong><em>oos</em></strong></span> <span class='ocrx_word' id='word_1_41' title='bbox 321 557 484 609; x_wconf 72' lang='lat' dir='ltr'><em>sermonibus</em></span> <span class='ocrx_word' id='word_1_42' title='bbox 501 556 595 620; x_wconf 79' lang='lat' dir='ltr'><strong><em>undio,</em></strong></span> <span class='ocrx_word' id='word_1_43' title='bbox 617 556 719 610; x_wconf 82' lang='lat' dir='ltr'><strong><em>Patres</em></strong></span> <span class='ocrx_word' id='word_1_44' title='bbox 735 573 796 608; x_wconf 90' lang='lat' dir='ltr'><strong><em>con·</em></strong></span> 
     </span>
     <span class='ocr_line' id='line_1_7' title="bbox 19 623 796 693; baseline 0.003 -20"><span class='ocrx_word' id='word_1_45' title='bbox 19 623 106 690; x_wconf 81' lang='lat' dir='ltr'><strong><em>¹ripti:</em></strong></span> <span class='ocrx_word' id='word_1_46' title='bbox 140 623 226 691; x_wconf 78' lang='lat' dir='ltr'><strong><em>unisse</em></strong></span> <span class='ocrx_word' id='word_1_47' title='bbox 240 641 287 678; x_wconf 90' lang='lat' dir='ltr'><strong><em>nos</em></strong></span> <span class='ocrx_word' id='word_1_48' title='bbox 303 626 376 693; x_wconf 78' lang='lat' dir='ltr'><strong><em>regi,</em></strong></span> <span class='ocrx_word' id='word_1_49' title='bbox 398 636 425 678; x_wconf 95' lang='lat' dir='ltr'><strong><em>et</em></strong></span> <span class='ocrx_word' id='word_1_50' title='bbox 440 627 516 678; x_wconf 80' lang='lat' dir='ltr'><strong><em>iilum</em></strong></span> <span class='ocrx_word' id='word_1_51' title='bbox 531 626 638 681; x_wconf 80' lang='lat' dir='ltr'><strong><em>ninom</em></strong></span> <span class='ocrx_word' id='word_1_52' title='bbox 652 624 796 684; x_wconf 81' lang='lat' dir='ltr'><strong><em>nsuiuisse;</em></strong></span> 
     </span>
     <span class='ocr_line' id='line_1_8' title="bbox 19 692 796 762; baseline 0.004 -19"><span class='ocrx_word' id='word_1_53' title='bbox 19 693 53 743; x_wconf 77' lang='lat' dir='ltr'><strong><em>ieo</em></strong></span> <span class='ocrx_word' id='word_1_54' title='bbox 72 692 138 746; x_wconf 80' lang='lat' dir='ltr'><strong><em>belo</em></strong></span> <span class='ocrx_word' id='word_1_55' title='bbox 156 697 352 762; x_wconf 84' lang='lat' dir='ltr'><strong><em>persequendos</em></strong></span> <span class='ocrx_word' id='word_1_56' title='bbox 363 710 417 746; x_wconf 80' lang='lat' dir='ltr'><strong><em>esse</em></strong></span> <span class='ocrx_word' id='word_1_57' title='bbox 433 696 556 748; x_wconf 83' lang='lat' dir='ltr'><strong><em>credunt.</em></strong></span> <span class='ocrx_word' id='word_1_58' title='bbox 591 695 650 748; x_wconf 81' lang='lat' dir='ltr'><strong><em>Alii</em></strong></span> <span class='ocrx_word' id='word_1_59' title='bbox 668 703 796 757; x_wconf 83' lang='lat' dir='ltr'><strong><em>oestrum,</em></strong></span> 
     </span>
     <span class='ocr_line' id='line_1_9' title="bbox 19 762 797 833; baseline 0.004 -20"><span class='ocrx_word' id='word_1_60' title='bbox 19 762 106 814; x_wconf 74' lang='lat' dir='ltr'><strong><em>stitisse</em></strong></span> <span class='ocrx_word' id='word_1_61' title='bbox 117 764 222 832; x_wconf 78' lang='lat' dir='ltr'><strong><em>quidem</em></strong></span> <span class='ocrx_word' id='word_1_62' title='bbox 231 781 278 818; x_wconf 85' lang='lat' dir='ltr'><strong><em>nos</em></strong></span> <span class='ocrx_word' id='word_1_63' title='bbox 290 764 338 816; x_wconf 80' lang='lat' dir='ltr'><strong><em>lioc</em></strong></span> <span class='ocrx_word' id='word_1_64' title='bbox 345 801 353 827; x_wconf 93' lang='lat'><strong><em>,</em></strong></span> <span class='ocrx_word' id='word_1_65' title='bbox 373 773 527 816; x_wconf 83' lang='lat' dir='ltr'><strong><em>nontamen</em></strong></span> <span class='ocrx_word' id='word_1_66' title='bbox 536 763 568 815; x_wconf 84' lang='lat' dir='ltr'><strong><em>ob</em></strong></span> <span class='ocrx_word' id='word_1_67' title='bbox 580 765 611 816; x_wconf 81' lang='lat' dir='ltr'><strong><em>id</em></strong></span> <span class='ocrx_word' id='word_1_68' title='bbox 622 765 688 818; x_wconf 77' lang='lat' dir='ltr'><strong><em>betto</em></strong></span> <span class='ocrx_word' id='word_1_69' title='bbox 704 778 797 833; x_wconf 86' lang='lat' dir='ltr'><strong><em>perse-</em></strong></span> 
     </span>
     <span class='ocr_line' id='line_1_10' title="bbox 19 832 797 913; baseline 0.004 -30"><span class='ocrx_word' id='word_1_70' title='bbox 19 833 111 885; x_wconf 82' lang='lat' dir='ltr'><strong><em>sendos</em></strong></span> <span class='ocrx_word' id='word_1_71' title='bbox 122 849 191 884; x_wconf 84' lang='lat' dir='ltr'><strong><em>esse:</em></strong></span> <span class='ocrx_word' id='word_1_72' title='bbox 202 851 287 902; x_wconf 83' lang='lat' dir='ltr'><strong><em>neque</em></strong></span> <span class='ocrx_word' id='word_1_73' title='bbox 296 832 423 894; x_wconf 80' lang='lat' dir='ltr'><strong><em>moribus,</em></strong></span> <span class='ocrx_word' id='word_1_74' title='bbox 435 848 519 898; x_wconf 82' lang='lat' dir='ltr'><strong><em>neque</em></strong></span> <span class='ocrx_word' id='word_1_75' title='bbox 527 833 631 913; x_wconf 64' lang='lat' dir='ltr'><strong><em>iegibus</em></strong></span> <span class='ocrx_word' id='word_1_76' title='bbox 642 837 722 887; x_wconf 82' lang='lat' dir='ltr'><strong><em>uilius</em></strong></span> <span class='ocrx_word' id='word_1_77' title='bbox 732 834 797 886; x_wconf 84' lang='lat' dir='ltr'><strong><em>cini·</em></strong></span> 
     </span>
     <span class='ocr_line' id='line_1_11' title="bbox 19 901 795 969; baseline 0.003 -15"><span class='ocrx_word' id='word_1_78' title='bbox 19 902 63 954; x_wconf 79' lang='lat' dir='ltr'><strong><em>ttis</em></strong></span> <span class='ocrx_word' id='word_1_79' title='bbox 73 902 115 953; x_wconf 86' lang='lat' dir='ltr'><strong><em>itu</em></strong></span> <span class='ocrx_word' id='word_1_80' title='bbox 127 913 314 967; x_wconf 85' lang='lat' dir='ltr'><strong><em>comparatum</em></strong></span> <span class='ocrx_word' id='word_1_81' title='bbox 325 917 392 964; x_wconf 85' lang='lat' dir='ltr'><strong><em>esse,</em></strong></span> <span class='ocrx_word' id='word_1_82' title='bbox 409 910 441 954; x_wconf 85' lang='lat' dir='ltr'><strong><em>nt</em></strong></span> <span class='ocrx_word' id='word_1_83' title='bbox 448 938 456 964; x_wconf 96' lang='lat'><strong><em>,</em></strong></span> <span class='ocrx_word' id='word_1_84' title='bbox 479 901 503 952; x_wconf 88' lang='lat' dir='ltr'><strong><em>si</em></strong></span> <span class='ocrx_word' id='word_1_85' title='bbox 513 918 559 969; x_wconf 85' lang='lat' dir='ltr'><strong><em>qus</em></strong></span> <span class='ocrx_word' id='word_1_86' title='bbox 568 905 645 953; x_wconf 76' lang='lat' dir='ltr'><strong><em>veltet</em></strong></span> <span class='ocrx_word' id='word_1_87' title='bbox 656 903 795 956; x_wconf 83' lang='lat' dir='ltr'><strong><em>inimicum</em></strong></span> 
     </span>
     <span class='ocr_line' id='line_1_12' title="bbox 19 970 794 1043; baseline 0 -20"><span class='ocrx_word' id='word_1_88' title='bbox 19 971 95 1032; x_wconf 74' lang='lat' dir='ltr'><strong><em>crire,</em></strong></span> <span class='ocrx_word' id='word_1_89' title='bbox 107 971 131 1021; x_wconf 87' lang='lat' dir='ltr'><strong><em>si</em></strong></span> <span class='ocrx_word' id='word_1_90' title='bbox 140 970 210 1022; x_wconf 75' lang='lat' dir='ltr'><strong><em>nihil</em></strong></span> <span class='ocrx_word' id='word_1_91' title='bbox 220 971 338 1043; x_wconf 86' lang='lat' dir='ltr'><strong><em>feccrit,</em></strong></span> <span class='ocrx_word' id='word_1_92' title='bbox 350 988 401 1038; x_wconf 81' lang='lat' dir='ltr'><strong><em>quo</em></strong></span> <span class='ocrx_word' id='word_1_93' title='bbox 411 971 442 1022; x_wconf 78' lang='lat' dir='ltr'><strong><em>id</em></strong></span> <span class='ocrx_word' id='word_1_94' title='bbox 459 970 525 1035; x_wconf 71' lang='lat' dir='ltr'><strong><em>fiat,</em></strong></span> <span class='ocrx_word' id='word_1_95' title='bbox 533 971 634 1038; x_wconf 80' lang='lat' dir='ltr'><strong><em>capitis</em></strong></span> <span class='ocrx_word' id='word_1_96' title='bbox 644 972 794 1026; x_wconf 78' lang='lat' dir='ltr'><strong><em>damnetur.</em></strong></span> 
     </span>
     <span class='ocr_line' id='line_1_13' title="bbox 19 1038 796 1110; baseline 0.003 -18"><span class='ocrx_word' id='word_1_97' title='bbox 19 1040 57 1101; x_wconf 63' lang='lat' dir='ltr'><strong><em>iis,</em></strong></span> <span class='ocrx_word' id='word_1_98' title='bbox 68 1038 115 1106; x_wconf 76' lang='lat' dir='ltr'><strong><em>qui</em></strong></span> <span class='ocrx_word' id='word_1_99' title='bbox 127 1055 174 1091; x_wconf 87' lang='lat' dir='ltr'><strong><em>nos</em></strong></span> <span class='ocrx_word' id='word_1_100' title='bbox 180 1055 278 1106; x_wconf 88' lang='lat' dir='ltr'><strong><em>poena,</em></strong></span> <span class='ocrx_word' id='word_1_101' title='bbox 289 1057 342 1093; x_wconf 92' lang='lat' dir='ltr'><strong><em>non</em></strong></span> <span class='ocrx_word' id='word_1_102' title='bbox 352 1038 603 1103; x_wconf 83' lang='lat' dir='ltr'><strong><em>crimine,1s&#39;ieront,</em></strong></span> <span class='ocrx_word' id='word_1_103' title='bbox 606 1043 728 1109; x_wconf 84' lang='lat' dir='ltr'><strong><em>gratiam</em></strong></span> <span class='ocrx_word' id='word_1_104' title='bbox 738 1043 796 1110; x_wconf 83' lang='lat' dir='ltr'><strong><em>qui·</em></strong></span> 
     </span>
     <span class='ocr_line' id='line_1_14' title="bbox 19 1108 796 1178; baseline 0 -17"><span class='ocrx_word' id='word_1_105' title='bbox 19 1126 52 1161; x_wconf 78' lang='lat' dir='ltr'><strong><em>tm</em></strong></span> <span class='ocrx_word' id='word_1_106' title='bbox 57 1108 197 1159; x_wconf 76' lang='lat' dir='ltr'><strong><em>liniemus:</em></strong></span> <span class='ocrx_word' id='word_1_107' title='bbox 208 1108 261 1175; x_wconf 78' lang='lat' dir='ltr'><strong><em>ipsi</em></strong></span> <span class='ocrx_word' id='word_1_108' title='bbox 271 1109 424 1162; x_wconf 75' lang='lat' dir='ltr'><strong><em>norisium</em></strong></span> <span class='ocrx_word' id='word_1_109' title='bbox 436 1108 551 1161; x_wconf 69' lang='lat' dir='ltr'><strong><em>dicimus</em></strong></span> <span class='ocrx_word' id='word_1_110' title='bbox 562 1112 663 1178; x_wconf 83' lang='lat' dir='ltr'><strong><em>legem:</em></strong></span> <span class='ocrx_word' id='word_1_111' title='bbox 673 1113 698 1163; x_wconf 88' lang='lat' dir='ltr'><strong><em>si</em></strong></span> <span class='ocrx_word' id='word_1_112' title='bbox 708 1126 796 1163; x_wconf 88' lang='lat' dir='ltr'><strong><em>omnes</em></strong></span> 
     </span>
     <span class='ocr_line' id='line_1_15' title="bbox 19 1172 797 1248; baseline 0.001 -18"><span class='ocrx_word' id='word_1_113' title='bbox 19 1177 211 1246; x_wconf 58' lang='lat' dir='ltr'><strong><em>»ratramnum</em></strong></span> <span class='ocrx_word' id='word_1_114' title='bbox 219 1179 428 1248; x_wconf 73' lang='lat' dir='ltr'><strong><em>unguimur-,non</em></strong></span> <span class='ocrx_word' id='word_1_115' title='bbox 435 1177 626 1247; x_wconf 81' lang='lat' dir='ltr'><strong><em>distinguimus</em></strong></span> <span class='ocrx_word' id='word_1_116' title='bbox 631 1172 797 1232; x_wconf 80' lang='lat' dir='ltr'><strong><em>voiuntatem</em></strong></span> 
     </span>
     <span class='ocr_line' id='line_1_16' title="bbox 24 1248 797 1320; baseline 0.001 -20"><span class='ocrx_word' id='word_1_117' title='bbox 24 1248 125 1320; x_wconf 84' lang='lat' dir='ltr'><strong><em>facto:</em></strong></span> <span class='ocrx_word' id='word_1_118' title='bbox 144 1264 231 1300; x_wconf 86' lang='lat' dir='ltr'><strong><em>omnes</em></strong></span> <span class='ocrx_word' id='word_1_119' title='bbox 238 1250 402 1315; x_wconf 75' lang='lat' dir='ltr'><strong><em>plectamur.</em></strong></span> <span class='ocrx_word' id='word_1_120' title='bbox 423 1248 455 1299; x_wconf 76' lang='lat' dir='ltr'><strong><em>Si</em></strong></span> <span class='ocrx_word' id='word_1_121' title='bbox 464 1248 515 1300; x_wconf 80' lang='lat' dir='ltr'><strong><em>clii</em></strong></span> <span class='ocrx_word' id='word_1_122' title='bbox 524 1248 683 1315; x_wconf 72' lang='lat' dir='ltr'><strong><em>principum</em></strong></span> <span class='ocrx_word' id='word_1_123' title='bbox 693 1257 797 1301; x_wconf 88' lang='lat' dir='ltr'><strong><em>nostro·</em></strong></span> 
     </span>
     <span class='ocr_line' id='line_1_17' title="bbox 19 1316 797 1391; baseline -0.003 -21"><span class='ocrx_word' id='word_1_124' title='bbox 19 1335 54 1371; x_wconf 88' lang='lat' dir='ltr'><strong><em>ssn</em></strong></span> <span class='ocrx_word' id='word_1_125' title='bbox 64 1316 146 1379; x_wconf 81' lang='lat' dir='ltr'><strong><em>coiis,</em></strong></span> <span class='ocrx_word' id='word_1_126' title='bbox 158 1318 209 1370; x_wconf 81' lang='lat' dir='ltr'><strong><em>alii</em></strong></span> <span class='ocrx_word' id='word_1_127' title='bbox 219 1318 281 1388; x_wconf 77' lang='lat' dir='ltr'><strong><em>regi</em></strong></span> <span class='ocrx_word' id='word_1_128' title='bbox 292 1319 444 1391; x_wconf 82' lang='lat' dir='ltr'><strong><em>focerunt,·</em></strong></span> <span class='ocrx_word' id='word_1_129' title='bbox 454 1335 507 1371; x_wconf 84' lang='lat' dir='ltr'><strong><em>non</em></strong></span> <span class='ocrx_word' id='word_1_130' title='bbox 513 1320 631 1384; x_wconf 85' lang='lat' dir='ltr'><strong><em>postuio,</em></strong></span> <span class='ocrx_word' id='word_1_131' title='bbox 643 1328 674 1370; x_wconf 91' lang='lat' dir='ltr'><strong><em>ut</em></strong></span> <span class='ocrx_word' id='word_1_132' title='bbox 680 1326 797 1387; x_wconf 84' lang='lat' dir='ltr'><strong><em>propter</em></strong></span> 
     </span>
     <span class='ocr_line' id='line_1_18' title="bbox 19 1386 797 1460; baseline 0.001 -23"><span class='ocrx_word' id='word_1_133' title='bbox 19 1404 55 1452; x_wconf 82' lang='lat' dir='ltr'><strong><em>rs,</em></strong></span> <span class='ocrx_word' id='word_1_134' title='bbox 77 1386 125 1455; x_wconf 77' lang='lat' dir='ltr'><strong><em>qui</em></strong></span> <span class='ocrx_word' id='word_1_135' title='bbox 135 1387 424 1455; x_wconf 84' lang='lat' dir='ltr'><strong><em>portiumosstsorum</em></strong></span> <span class='ocrx_word' id='word_1_136' title='bbox 437 1387 558 1460; x_wconf 87' lang='lat' dir='ltr'><strong><em>fuimus,</em></strong></span> <span class='ocrx_word' id='word_1_137' title='bbox 580 1386 654 1457; x_wconf 67' lang='lat' dir='ltr'><strong><em>regis</em></strong></span> <span class='ocrx_word' id='word_1_138' title='bbox 672 1390 797 1458; x_wconf 76' lang='lat' dir='ltr'><strong><em>fautores</em></strong></span> 
     </span>
     <span class='ocr_line' id='line_1_19' title="bbox 25 1457 797 1526; baseline -0.001 -17"><span class='ocrx_word' id='word_1_139' title='bbox 25 1458 61 1509; x_wconf 80' lang='lat' dir='ltr'><strong><em>tm·</em></strong></span> <span class='ocrx_word' id='word_1_140' title='bbox 72 1458 141 1509; x_wconf 81' lang='lat' dir='ltr'><strong><em>sint:</em></strong></span> <span class='ocrx_word' id='word_1_141' title='bbox 160 1457 230 1510; x_wconf 81' lang='lat' dir='ltr'><strong><em>iliud</em></strong></span> <span class='ocrx_word' id='word_1_142' title='bbox 238 1460 378 1526; x_wconf 79' lang='lat' dir='ltr'><strong><em>deprecor,</em></strong></span> <span class='ocrx_word' id='word_1_143' title='bbox 399 1472 491 1512; x_wconf 89' lang='lat' dir='ltr'><strong><em>nenos</em></strong></span> <span class='ocrx_word' id='word_1_144' title='bbox 505 1467 622 1525; x_wconf 86' lang='lat' dir='ltr'><strong><em>propter</em></strong></span> <span class='ocrx_word' id='word_1_145' title='bbox 632 1458 692 1511; x_wconf 78' lang='lat' dir='ltr'><strong><em>ilios</em></strong></span> <span class='ocrx_word' id='word_1_146' title='bbox 699 1473 797 1526; x_wconf 84' lang='lat' dir='ltr'><strong><em>porea·</em></strong></span> 
     </span>
     <span class='ocr_line' id='line_1_20' title="bbox 29 1526 797 1610; baseline -0.001 -32"><span class='ocrx_word' id='word_1_147' title='bbox 29 1528 60 1578; x_wconf 78' lang='lat' dir='ltr'><strong><em>is.</em></strong></span> <span class='ocrx_word' id='word_1_148' title='bbox 73 1526 132 1579; x_wconf 79' lang='lat' dir='ltr'><strong><em>Non</em></strong></span> <span class='ocrx_word' id='word_1_149' title='bbox 143 1527 206 1587; x_wconf 65' lang='lat' dir='ltr'><strong><em>entis</em></strong></span> <span class='ocrx_word' id='word_1_150' title='bbox 216 1543 262 1578; x_wconf 83' lang='lat' dir='ltr'><strong><em>cos</em></strong></span> <span class='ocrx_word' id='word_1_151' title='bbox 272 1529 328 1579; x_wconf 78' lang='lat' dir='ltr'><strong><em>iilis</em></strong></span> <span class='ocrx_word' id='word_1_152' title='bbox 340 1528 505 1610; x_wconf 70' lang='lat' dir='ltr'><strong><em>infestiores,</em></strong></span> <span class='ocrx_word' id='word_1_153' title='bbox 518 1544 597 1595; x_wconf 80' lang='lat' dir='ltr'><strong><em>quom</em></strong></span> <span class='ocrx_word' id='word_1_154' title='bbox 608 1528 706 1581; x_wconf 75' lang='lat' dir='ltr'><strong><em>cinitot</em></strong></span> <span class='ocrx_word' id='word_1_155' title='bbox 717 1528 779 1596; x_wconf 85' lang='lat' dir='ltr'><strong><em>ipsu</em></strong></span> <span class='ocrx_word' id='word_1_156' title='bbox 785 1543 797 1588; x_wconf 88' lang='lat'><em>;</em></span> 
     </span>
     <span class='ocr_line' id='line_1_21' title="bbox 32 1595 796 1669; baseline 0.001 -23"><span class='ocrx_word' id='word_1_157' title='bbox 32 1595 78 1648; x_wconf 71' lang='lat' dir='ltr'><strong><em>icc</em></strong></span> <span class='ocrx_word' id='word_1_158' title='bbox 90 1595 136 1665; x_wconf 79' lang='lat' dir='ltr'><strong><em>qui</em></strong></span> <span class='ocrx_word' id='word_1_159' title='bbox 146 1596 279 1658; x_wconf 76' lang='lat' dir='ltr'><strong><em>sciebant,</em></strong></span> <span class='ocrx_word' id='word_1_160' title='bbox 296 1599 421 1664; x_wconf 77' lang='lat' dir='ltr'><strong><em>plerique</em></strong></span> <span class='ocrx_word' id='word_1_161' title='bbox 431 1614 522 1649; x_wconf 85' lang='lat' dir='ltr'><strong><em>eorum</em></strong></span> <span class='ocrx_word' id='word_1_162' title='bbox 532 1606 582 1649; x_wconf 85' lang='lat' dir='ltr'><strong><em>out</em></strong></span> <span class='ocrx_word' id='word_1_163' title='bbox 599 1600 796 1669; x_wconf 77' lang='lat' dir='ltr'><strong><em>profscgerunt,</em></strong></span> 
     </span>
     <span class='ocr_line' id='line_1_22' title="bbox 37 1664 797 1727; baseline -0.001 -9"><span class='ocrx_word' id='word_1_164' title='bbox 37 1675 44 1711; x_wconf 69' lang='lat' dir='ltr'><strong><em>t</em></strong></span> <span class='ocrx_word' id='word_1_165' title='bbox 54 1676 166 1718; x_wconf 88' lang='lat' dir='ltr'><strong><em>mortem</em></strong></span> <span class='ocrx_word' id='word_1_166' title='bbox 176 1665 228 1716; x_wconf 82' lang='lat' dir='ltr'><strong><em>siis‘</em></strong></span> <span class='ocrx_word' id='word_1_167' title='bbox 239 1665 438 1719; x_wconf 76' lang='lat' dir='ltr'><strong><em>consciverunt.-</em></strong></span> <span class='ocrx_word' id='word_1_168' title='bbox 450 1665 508 1726; x_wconf 81' lang='lat' dir='ltr'><strong><em>atii,</em></strong></span> <span class='ocrx_word' id='word_1_169' title='bbox 515 1666 639 1717; x_wconf 80' lang='lat' dir='ltr'><strong><em>damnati</em></strong></span> <span class='ocrx_word' id='word_1_170' title='bbox 649 1684 667 1718; x_wconf 90' lang='lat' dir='ltr'><strong><em>o</em></strong></span> <span class='ocrx_word' id='word_1_171' title='bbox 677 1664 797 1727; x_wconf 80' lang='lat' dir='ltr'><strong><em>nobis,in</em></strong></span> 
     </span>
    </p>

    <p class='ocr_par' dir='ltr' id='par_1_3' title="bbox 43 1732 798 1801">
     <span class='ocr_line' id='line_1_23' title="bbox 43 1732 798 1801; baseline -0.004 -15"><span class='ocrx_word' id='word_1_172' title='bbox 43 1744 126 1787; x_wconf 85' lang='lat' dir='ltr'><strong><em>estate</em></strong></span> <span class='ocrx_word' id='word_1_173' title='bbox 146 1743 237 1786; x_wconf 74' lang='lat' dir='ltr'><strong><em>oestrus</em></strong></span> <span class='ocrx_word' id='word_1_174' title='bbox 257 1743 350 1796; x_wconf 75' lang='lat' dir='ltr'><strong><em>crunt,</em></strong></span> <span class='ocrx_word' id='word_1_175' title='bbox 380 1734 481 1786; x_wconf 81' lang='lat' dir='ltr'><strong><em>Patres</em></strong></span> <span class='ocrx_word' id='word_1_176' title='bbox 502 1734 656 1801; x_wconf 83' lang='lat' dir='ltr'><strong><em>conscripti.</em></strong></span> <span class='ocrx_word' id='word_1_177' title='bbox 704 1732 798 1784; x_wconf 80' lang='lat' dir='ltr'><strong><em>Ceteri</em></strong></span> 
     </span>
    </p>

    <p class='ocr_par' dir='ltr' id='par_1_4' title="bbox 47 1801 798 1874">
     <span class='ocr_line' id='line_1_24' title="bbox 47 1801 798 1874; baseline -0.001 -22"><span class='ocrx_word' id='word_1_178' title='bbox 47 1803 108 1866; x_wconf 75' lang='lat' dir='ltr'><strong><em>iiii,</em></strong></span> <span class='ocrx_word' id='word_1_179' title='bbox 119 1801 325 1874; x_wconf 74' lang='lat' dir='ltr'><strong><em>sicut-gratiam</em></strong></span> <span class='ocrx_word' id='word_1_180' title='bbox 335 1805 438 1857; x_wconf 84' lang='lat' dir='ltr'><strong><em>nullam</em></strong></span> <span class='ocrx_word' id='word_1_181' title='bbox 447 1802 540 1854; x_wconf 86' lang='lat' dir='ltr'><strong><em>meriti</em></strong></span> <span class='ocrx_word' id='word_1_182' title='bbox 551 1801 599 1852; x_wconf 75' lang='lat' dir='ltr'><strong><em>icoc</em></strong></span> <span class='ocrx_word' id='word_1_183' title='bbox 609 1801 676 1855; x_wconf 82' lang='lat' dir='ltr'><strong><em>ielio</em></strong></span> <span class='ocrx_word' id='word_1_184' title='bbox 683 1837 691 1864; x_wconf 95' lang='lat'><strong><em>,</em></strong></span> <span class='ocrx_word' id='word_1_185' title='bbox 712 1801 755 1852; x_wconf 86' lang='lat' dir='ltr'><strong><em>ito</em></strong></span> <span class='ocrx_word' id='word_1_186' title='bbox 764 1816 798 1853; x_wconf 88' lang='lat' dir='ltr'><strong><em>ne</em></strong></span> 
     </span>
    </p>

    <p class='ocr_par' dir='ltr' id='par_1_5' title="bbox 51 1869 799 2005">
     <span class='ocr_line' id='line_1_25' title="bbox 51 1869 799 2005; baseline -0.008 -79"><span class='ocrx_word' id='word_1_187' title='bbox 51 1890 106 1926; x_wconf 80' lang='lat' dir='ltr'><strong><em>som</em></strong></span> <span class='ocrx_word' id='word_1_188' title='bbox 118 1873 224 1939; x_wconf 85' lang='lat' dir='ltr'><strong><em>quidem</em></strong></span> <span class='ocrx_word' id='word_1_189' title='bbox 234 1888 332 1926; x_wconf 82' lang='lat' dir='ltr'><strong><em>snmus.</em></strong></span> <span class='ocrx_word' id='word_1_190' title='bbox 368 1871 501 1925; x_wconf 83' lang='lat' dir='ltr'><strong><em>Priorum</em></strong></span> <span class='ocrx_word' id='word_1_191' title='bbox 518 1878 671 1924; x_wconf 84' lang='lat' dir='ltr'><strong><em>nostrorum</em></strong></span> <span class='ocrx_word' id='word_1_192' title='bbox 691 1869 799 2005; x_wconf 65' lang='lat' dir='ltr'><strong><em>ienffiesu·</em></strong></span> 
     </span>
    </p>

    <p class='ocr_par' dir='ltr' id='par_1_6' title="bbox 56 1937 857 2830">
     <span class='ocr_line' id='line_1_26' title="bbox 56 1937 797 2010; baseline -0.008 -15"><span class='ocrx_word' id='word_1_193' title='bbox 56 1959 99 1995; x_wconf 88' lang='lat' dir='ltr'><strong><em>usn</em></strong></span> <span class='ocrx_word' id='word_1_194' title='bbox 122 1946 244 1996; x_wconf 86' lang='lat' dir='ltr'><strong><em>cumulus</em></strong></span> <span class='ocrx_word' id='word_1_195' title='bbox 260 1943 324 2006; x_wconf 81' lang='lat' dir='ltr'><strong><em>isne,</em></strong></span> <span class='ocrx_word' id='word_1_196' title='bbox 347 1944 419 2010; x_wconf 80' lang='lat' dir='ltr'><strong><em>quod</em></strong></span> <span class='ocrx_word' id='word_1_197' title='bbox 435 1958 508 1995; x_wconf 88' lang='lat' dir='ltr'><strong><em>nssnc</em></strong></span> <span class='ocrx_word' id='word_1_198' title='bbox 523 1950 655 1994; x_wconf 80' lang='lat' dir='ltr'><strong><em>cessatum</em></strong></span> <span class='ocrx_word' id='word_1_199' title='bbox 665 1940 720 1992; x_wconf 85' lang='lat' dir='ltr'><strong><em>ino</em></strong></span> <span class='ocrx_word' id='word_1_200' title='bbox 755 1937 797 1990; x_wconf 90' lang='lat' dir='ltr'><strong><em>cio</em></strong></span> 
     </span>
     <span class='ocr_line' id='line_1_27' title="bbox 68 2009 797 2094; baseline -0.005 -29"><span class='ocrx_word' id='word_1_201' title='bbox 68 2015 185 2079; x_wconf 80' lang='lat' dir='ltr'><strong><em>expleat·</em></strong></span> <span class='ocrx_word' id='word_1_202' title='bbox 225 2012 293 2065; x_wconf 84' lang='lat' dir='ltr'><strong><em>Cum</em></strong></span> <span class='ocrx_word' id='word_1_203' title='bbox 304 2013 391 2067; x_wconf 84' lang='lat' dir='ltr'><strong><em>tribur</em></strong></span> <span class='ocrx_word' id='word_1_204' title='bbox 403 2010 512 2094; x_wconf 69' lang='lat' dir='ltr'><strong><em>regibus</em></strong></span> <span class='ocrx_word' id='word_1_205' title='bbox 526 2009 650 2081; x_wconf 84' lang='lat' dir='ltr'><strong><em>gessistis</em></strong></span> <span class='ocrx_word' id='word_1_206' title='bbox 662 2010 729 2062; x_wconf 76' lang='lat' dir='ltr'><strong><em>belia</em></strong></span> <span class='ocrx_word' id='word_1_207' title='bbox 745 2025 797 2077; x_wconf 86' lang='lat' dir='ltr'><strong><em>pes·</em></strong></span> 
     </span>
     <span class='ocr_line' id='line_1_28' title="bbox 65 2080 798 2150; baseline -0.005 -15"><span class='ocrx_word' id='word_1_208' title='bbox 65 2098 145 2135; x_wconf 63' lang='lat' dir='ltr'><strong><em>runos.</em></strong></span> <span class='ocrx_word' id='word_1_209' title='bbox 182 2082 222 2135; x_wconf 82' lang='lat' dir='ltr'><strong><em>Ne</em></strong></span> <span class='ocrx_word' id='word_1_210' title='bbox 228 2085 290 2150; x_wconf 85' lang='lat' dir='ltr'><strong><em>plus</em></strong></span> <span class='ocrx_word' id='word_1_211' title='bbox 302 2082 372 2136; x_wconf 83' lang='lat' dir='ltr'><strong><em>nisit</em></strong></span> <span class='ocrx_word' id='word_1_212' title='bbox 381 2082 469 2143; x_wconf 77' lang='lat' dir='ltr'><strong><em>nobis,</em></strong></span> <span class='ocrx_word' id='word_1_213' title='bbox 491 2083 562 2150; x_wconf 82' lang='lat' dir='ltr'><strong><em>quod</em></strong></span> <span class='ocrx_word' id='word_1_214' title='bbox 570 2096 624 2134; x_wconf 89' lang='lat' dir='ltr'><strong><em>uno</em></strong></span> <span class='ocrx_word' id='word_1_215' title='bbox 634 2080 701 2132; x_wconf 81' lang='lat' dir='ltr'><strong><em>ielto</em></strong></span> <span class='ocrx_word' id='word_1_216' title='bbox 711 2095 798 2132; x_wconf 80' lang='lat' dir='ltr'><strong><em>cesso-</em></strong></span> 
     </span>
     <span class='ocr_line' id='line_1_29' title="bbox 70 2150 797 2220; baseline -0.003 -19"><span class='ocrx_word' id='word_1_217' title='bbox 70 2167 88 2212; x_wconf 93' lang='lat' dir='ltr'><strong><em>s,</em></strong></span> <span class='ocrx_word' id='word_1_218' title='bbox 95 2166 175 2217; x_wconf 78' lang='lat' dir='ltr'><strong><em>quum</em></strong></span> <span class='ocrx_word' id='word_1_219' title='bbox 187 2153 258 2216; x_wconf 81' lang='lat' dir='ltr'><strong><em>quod</em></strong></span> <span class='ocrx_word' id='word_1_220' title='bbox 266 2154 367 2206; x_wconf 82' lang='lat' dir='ltr'><strong><em>duobus</em></strong></span> <span class='ocrx_word' id='word_1_221' title='bbox 379 2152 453 2204; x_wconf 79' lang='lat' dir='ltr'><strong><em>bellis</em></strong></span> <span class='ocrx_word' id='word_1_222' title='bbox 459 2167 514 2219; x_wconf 93' lang='lat' dir='ltr'><strong><em>pro</em></strong></span> <span class='ocrx_word' id='word_1_223' title='bbox 524 2151 597 2203; x_wconf 79' lang='lat' dir='ltr'><strong><em>nobis</em></strong></span> <span class='ocrx_word' id='word_1_224' title='bbox 604 2150 797 2220; x_wconf 78' lang='lat' dir='ltr'><strong><em>pugnavimus.</em></strong></span> 
     </span>
     <span class='ocr_line' id='line_1_30' title="bbox 74 2221 798 2288; baseline 0.001 -17"><span class='ocrx_word' id='word_1_225' title='bbox 74 2236 163 2287; x_wconf 84' lang='lat' dir='ltr'><strong><em>ppum,</em></strong></span> <span class='ocrx_word' id='word_1_226' title='bbox 172 2221 343 2286; x_wconf 72' lang='lat' dir='ltr'><strong><em>Antiochum,</em></strong></span> <span class='ocrx_word' id='word_1_227' title='bbox 355 2222 473 2285; x_wconf 85' lang='lat' dir='ltr'><strong><em>Perseo,</em></strong></span> <span class='ocrx_word' id='word_1_228' title='bbox 485 2230 615 2288; x_wconf 80' lang='lat' dir='ltr'><strong><em>tunquam</em></strong></span> <span class='ocrx_word' id='word_1_229' title='bbox 627 2230 683 2273; x_wconf 89' lang='lat' dir='ltr'><strong><em>tres</em></strong></span> <span class='ocrx_word' id='word_1_230' title='bbox 693 2229 798 2273; x_wconf 85' lang='lat' dir='ltr'><strong><em>senten·</em></strong></span> 
     </span>
     <span class='ocr_line' id='line_1_31' title="bbox 81 2286 796 2355; baseline -0.001 -15"><span class='ocrx_word' id='word_1_231' title='bbox 81 2289 184 2355; x_wconf 83' lang='lat' dir='ltr'><strong><em>ponite.</em></strong></span> <span class='ocrx_word' id='word_1_232' title='bbox 219 2286 301 2341; x_wconf 86' lang='lat' dir='ltr'><strong><em>Duae</em></strong></span> <span class='ocrx_word' id='word_1_233' title='bbox 311 2308 358 2343; x_wconf 89' lang='lat' dir='ltr'><strong><em>nos</em></strong></span> <span class='ocrx_word' id='word_1_234' title='bbox 369 2291 524 2344; x_wconf 77' lang='lat' dir='ltr'><strong><em>absolvunt:</em></strong></span> <span class='ocrx_word' id='word_1_235' title='bbox 545 2307 600 2344; x_wconf 85' lang='lat' dir='ltr'><strong><em>una</em></strong></span> <span class='ocrx_word' id='word_1_236' title='bbox 611 2301 703 2343; x_wconf 87' lang='lat' dir='ltr'><strong><em>nutem</em></strong></span> <span class='ocrx_word' id='word_1_237' title='bbox 714 2289 796 2341; x_wconf 73' lang='lat' dir='ltr'><strong><em>dubia</em></strong></span> 
     </span>
     <span class='ocr_line' id='line_1_32' title="bbox 82 2356 798 2429; baseline -0.001 -21"><span class='ocrx_word' id='word_1_238' title='bbox 82 2367 88 2385; x_wconf 78' lang='lat'>¹</span> <span class='ocrx_word' id='word_1_239' title='bbox 97 2357 213 2429; x_wconf 78' lang='lat' dir='ltr'><strong><em>grauior</em></strong></span> <span class='ocrx_word' id='word_1_240' title='bbox 223 2358 268 2409; x_wconf 91' lang='lat' dir='ltr'><strong><em>sit.</em></strong></span> <span class='ocrx_word' id='word_1_241' title='bbox 278 2359 325 2410; x_wconf 81' lang='lat' dir='ltr'><strong><em>tut</em></strong></span> <span class='ocrx_word' id='word_1_242' title='bbox 336 2362 368 2411; x_wconf 81' lang='lat' dir='ltr'><strong><em>ds</em></strong></span> <span class='ocrx_word' id='word_1_243' title='bbox 378 2360 453 2413; x_wconf 79' lang='lat' dir='ltr'><strong><em>nobis</em></strong></span> <span class='ocrx_word' id='word_1_244' title='bbox 463 2360 487 2411; x_wconf 88' lang='lat' dir='ltr'><strong><em>si</em></strong></span> <span class='ocrx_word' id='word_1_245' title='bbox 498 2360 661 2419; x_wconf 80' lang='lat' dir='ltr'><strong><em>iudicarent,</em></strong></span> <span class='ocrx_word' id='word_1_246' title='bbox 673 2356 798 2411; x_wconf 77' lang='lat' dir='ltr'><strong><em>damnati</em></strong></span> 
     </span>
     <span class='ocr_line' id='line_1_33' title="bbox 88 2425 798 2496; baseline -0.001 -18"><span class='ocrx_word' id='word_1_247' title='bbox 88 2443 118 2479; x_wconf 83' lang='lat' dir='ltr'><strong><em>rs.</em></strong></span> <span class='ocrx_word' id='word_1_248' title='bbox 159 2425 211 2479; x_wconf 84' lang='lat' dir='ltr'><strong><em>Vos</em></strong></span> <span class='ocrx_word' id='word_1_249' title='bbox 221 2426 350 2492; x_wconf 82' lang='lat' dir='ltr'><strong><em>iudicate,</em></strong></span> <span class='ocrx_word' id='word_1_250' title='bbox 355 2427 455 2482; x_wconf 83' lang='lat' dir='ltr'><strong><em>Patres</em></strong></span> <span class='ocrx_word' id='word_1_251' title='bbox 466 2429 627 2496; x_wconf 85' lang='lat' dir='ltr'><strong><em>conscripti,</em></strong></span> <span class='ocrx_word' id='word_1_252' title='bbox 638 2426 675 2479; x_wconf 86' lang='lat' dir='ltr'><strong><em>sit</em></strong></span> <span class='ocrx_word' id='word_1_253' title='bbox 685 2425 798 2478; x_wconf 73' lang='lat' dir='ltr'><strong><em>Modus</em></strong></span> 
     </span>
     <span class='ocr_line' id='line_1_34' title="bbox 92 2496 797 2569; baseline -0.004 -21"><span class='ocrx_word' id='word_1_254' title='bbox 92 2496 136 2559; x_wconf 81' lang='lat' dir='ltr'><strong><em>is,</em></strong></span> <span class='ocrx_word' id='word_1_255' title='bbox 159 2514 195 2549; x_wconf 87' lang='lat' dir='ltr'><strong><em>on</em></strong></span> <span class='ocrx_word' id='word_1_256' title='bbox 208 2496 339 2569; x_wconf 79' lang='lat' dir='ltr'><strong><em>funditus</em></strong></span> <span class='ocrx_word' id='word_1_257' title='bbox 356 2499 487 2552; x_wconf 81' lang='lat' dir='ltr'><strong><em>deiectus.</em></strong></span> <span class='ocrx_word' id='word_1_258' title='bbox 524 2498 585 2552; x_wconf 90' lang='lat' dir='ltr'><strong><em>Non</em></strong></span> <span class='ocrx_word' id='word_1_259' title='bbox 600 2496 669 2547; x_wconf 89' lang='lat' dir='ltr'><strong><em>enim</em></strong></span> <span class='ocrx_word' id='word_1_260' title='bbox 686 2496 717 2546; x_wconf 81' lang='lat' dir='ltr'><strong><em>cle</em></strong></span> <span class='ocrx_word' id='word_1_261' title='bbox 732 2496 797 2546; x_wconf 84' lang='lat' dir='ltr'><strong><em>bello</em></strong></span> 
     </span>
     <span class='ocr_line' id='line_1_35' title="bbox 97 2562 815 2636; baseline -0.007 -19"><span class='ocrx_word' id='word_1_262' title='bbox 97 2566 161 2630; x_wconf 80' lang='lat' dir='ltr'><strong><em>atio,</em></strong></span> <span class='ocrx_word' id='word_1_263' title='bbox 182 2567 284 2619; x_wconf 85' lang='lat' dir='ltr'><strong><em>Patres</em></strong></span> <span class='ocrx_word' id='word_1_264' title='bbox 296 2567 451 2635; x_wconf 80' lang='lat' dir='ltr'><strong><em>conscripti,</em></strong></span> <span class='ocrx_word' id='word_1_265' title='bbox 472 2567 544 2635; x_wconf 79' lang='lat' dir='ltr'><strong><em>quod</em></strong></span> <span class='ocrx_word' id='word_1_266' title='bbox 553 2566 662 2636; x_wconf 70' lang='lat' dir='ltr'><strong><em>inferre</em></strong></span> <span class='ocrx_word' id='word_1_267' title='bbox 678 2562 815 2628; x_wconf 60' lang='lat' dir='ltr'><strong><em>potuim</em></strong></span> 
     </span>
     <span class='ocr_line' id='line_1_36' title="bbox 102 2619 834 2709; baseline -0.007 -21"><span class='ocrx_word' id='word_1_268' title='bbox 102 2654 154 2688; x_wconf 89' lang='lat' dir='ltr'><strong><em>non</em></strong></span> <span class='ocrx_word' id='word_1_269' title='bbox 157 2636 277 2703; x_wconf 88' lang='lat' dir='ltr'><strong><em>potestis</em></strong></span> <span class='ocrx_word' id='word_1_270' title='bbox 280 2652 295 2699; x_wconf 82' lang='lat'><strong><em>,¹</em></strong></span> <span class='ocrx_word' id='word_1_271' title='bbox 306 2653 389 2709; x_wconf 79' lang='lat' dir='ltr'><strong><em>prtum</em></strong></span> <span class='ocrx_word' id='word_1_272' title='bbox 400 2655 479 2693; x_wconf 88' lang='lat' dir='ltr'><strong><em>nemo</em></strong></span> <span class='ocrx_word' id='word_1_273' title='bbox 493 2635 675 2709; x_wconf 66' lang='lat' dir='ltr'><strong><em>Rhodiorum</em></strong></span> <span class='ocrx_word' id='word_1_274' title='bbox 686 2639 773 2677; x_wconf 60' lang='lat' dir='ltr'><strong><em>om</em></strong></span> <span class='ocrx_word' id='word_1_275' title='bbox 783 2619 834 2666; x_wconf 48' lang='grc' dir='ltr'>ὠ</span> 
     </span>
     <span class='ocr_line' id='line_1_37' title="bbox 107 2689 857 2828; baseline -0.033 -71"><span class='ocrx_word' id='word_1_276' title='bbox 107 2708 256 2828; x_wconf 37' lang='grc' dir='ltr'><strong><em>θιὲαίκνιῖἶ</em></strong></span> <span class='ocrx_word' id='word_1_277' title='bbox 266 2706 313 2765; x_wconf 75' lang='lat' dir='ltr'><strong><em>sit.</em></strong></span> <span class='ocrx_word' id='word_1_278' title='bbox 328 2708 362 2764; x_wconf 72' lang='lat' dir='ltr'><strong><em>Si</em></strong></span> <span class='ocrx_word' id='word_1_279' title='bbox 367 2703 654 2827; x_wconf 32' lang='lat' dir='ltr'><strong><em>perseverabitis&amp;</em></strong></span> <span class='ocrx_word' id='word_1_280' title='bbox 663 2689 857 2752; x_wconf 58' lang='lat' dir='ltr'><strong><em>mmmm</em></strong></span> 
     </span>
     <span class='ocr_line' id='line_1_38' title="bbox 110 2788 260 2830; baseline 0.013 -5"><span class='ocrx_word' id='word_1_281' title='bbox 110 2788 123 2823; x_wconf 70' lang='lat' dir='ltr'><strong><em>c</em></strong></span> <span class='ocrx_word' id='word_1_282' title='bbox 164 2791 210 2828; x_wconf 81' lang='lat' dir='ltr'><strong><em>orn</em></strong></span> <span class='ocrx_word' id='word_1_283' title='bbox 253 2816 260 2830; x_wconf 91' lang='lat'><strong>.</strong></span> 
     </span>
    </p>
   </div>
   <div class='ocr_carea' id='block_1_3' title="bbox 0 0 938 2994">
    <p class='ocr_par' dir='ltr' id='par_1_7' title="bbox 0 0 938 2994">
     <span class='ocr_line' id='line_1_39' title="bbox 0 0 938 2994; baseline 0 0"><span class='ocrx_word' id='word_1_284' title='bbox 0 0 938 2994; x_wconf 95' lang='lat' dir='ltr'><strong><em> </em></strong></span> 
     </span>
    </p>
   </div>
  </div>
 </body>
</html>
