1860 2994
23 66 368 125 maxumarum.
385 71 686 142 [cananaea]
722 74 757 129 aa

23 177 118 229 sulum
132 182 162 228 et
171 177 346 229 Achaeorum
355 176 444 244 legati
457 175 611 227 introducti
623 182 704 227 sunt:
727 184 757 229 et

23 246 89 299 data
99 246 242 298 exsulibus
253 252 307 309 cst,
318 247 486 312 scripturum
496 251 622 299 senatum
630 244 757 310 Achaeis,

23 318 214 369 stitueruntur.
248 315 353 369 Achaei
362 315 397 368 de
407 317 536 369 Messene
546 321 669 383 recepta,
682 331 757 368 com·

23 386 102 455 isque
117 388 156 438 ibi
171 386 268 449 rebus,
288 401 351 437 cuni
365 400 481 438 assensu
490 384 605 437 Petrum
620 400 756 452 exposue-

49 457 88 511 Et
103 472 121 508 a
133 455 261 522 Philippo
272 470 339 523 rege
351 456 536 509 Macedonum
547 455 601 507 duo
611 456 701 523 legati
709 472 756 510 ve·

23 532 57 591 rt,
74 524 215 578 Philocles
226 532 255 577 et
267 525 388 592 Apelles,
404 526 482 579 nullu
491 540 575 592 super
585 541 625 588 re,
637 526 755 592 quaneh

23 612 46 647 a
55 595 175 662 petenda
186 601 273 647 esset:
294 596 469 662 speculatum
479 598 570 663 magis
580 596 757 663 inquisitum·

23 665 99 718 nissi
112 665 146 718 dc
162 664 214 729 iis,
233 679 350 733 quorum
365 664 486 718 Perseus
498 664 674 718 Demetrium
689 667 754 719 insi·

23 740 83 788 sset
100 750 260 788 sermonum
270 749 334 786 eum
344 735 494 798 Romanis,
513 736 635 788 maxime
646 750 710 788 cum
721 738 756 788 Τ.

23 805 89 869 etio,
99 804 232 857 adversus
237 804 354 857 irstrenn
364 806 398 858 dc
409 820 497 872 regno
503 804 673 858 habitorum.
684 804 758 867 Hos,

23 888 82 927 ram
92 874 211 939 medios,
229 890 280 927 nec
290 876 319 926 ia
330 875 447 927 alterius
457 874 584 929 fusorem
595 874 756 939 inclinatos,

23 946 64 998 rai
73 959 134 998 rex.
156 946 349 997 &nutantem
359 943 424 997 ethi
434 944 649 998 Pemiirnudis
659 945 688 996 in
700 943 757 997 irs·

38 1014 164 1066 nimmtri
184 1022 213 1066 et
232 1013 393 1079 participes.
428 1013 603 1075 Danuuius,
624 1014 758 1077 omniurn,

23 1098 143 1155 ecquam
159 1082 285 1134 fraterno
299 1083 408 1135 scelere
422 1081 498 1151 quod
509 1096 600 1150 nuper
618 1089 759 1150 eruperat.

23 1170 75 1218 us,
93 1152 185 1223 primo
196 1167 285 1221 neque
295 1167 441 1221 mquam,
460 1166 551 1221 neque
561 1152 668 1204 sallem
680 1168 758 1220 spem

23 1230 78 1288 nt,
83 1229 196 1291 patrem
207 1222 264 1274 sibi
273 1223 381 1290 placari
392 1237 483 1289 posse.
509 1223 604 1275 Misus
615 1221 718 1276 deinde
727 1222 757 1275 in

23 1295 108 1363 nstris
119 1295 212 1346 animo
224 1292 336 1356 iidebat,
353 1308 436 1360 quum
446 1293 570 1347 obsideri
580 1308 662 1346 eures
673 1310 691 1346 a
699 1293 757 1346 ira·

23 1368 137 1419 emeret.
172 1363 285 1430 ltaque,
300 1362 526 1430 circumspiciens
538 1364 615 1417 dicte
624 1363 757 1433 famaque

28 1450 67 1487 ne
77 1434 155 1487 cuius
164 1434 336 1500 suspiciones
347 1440 478 1503 augeret,
495 1436 617 1487 maxime
629 1435 664 1486 ab
678 1436 757 1488 omni

23 1505 89 1557 ione
106 1508 134 1556 et
145 1504 313 1570 contagione
324 1506 514 1556 Romanorum
529 1505 703 1568 abstinebat3
724 1510 758 1556 ut

23 1573 134 1627 escribi
142 1575 196 1627 sibi
206 1575 372 1639 sellet‚qnis
383 1573 437 1624 hoc
449 1574 599 1640 praecipue
610 1574 758 1627 criminum

23 1659 50 1697 re
64 1645 227 1710 exasperari
238 1644 358 1694 animum
369 1644 518 1695 sentiebat.

23 1714 76 1766 Xl.
96 1713 251 1780 Phiiippus,
269 1713 354 1764 simul
364 1729 399 1766 ne
411 1712 471 1763 otio
481 1711 562 1762 mites
573 1709 700 1762 deterior
710 1710 758 1762 tie·

25 1784 114 1835 simul
128 1783 297 1836 avertendae
308 1781 476 1850 suspicionis
488 1795 572 1832 causa
581 1779 728 1847 quicquam
740 1796 758 1835 a

23 1854 92 1907 itari
103 1854 269 1906 deRomano
279 1852 471 1915 bello‚Stobos
478 1850 619 1903 Paeoniae
630 1852 758 1904 exercitu

23 1931 64 1987 to,
73 1923 102 1974 in
114 1925 272 1976 Maedicam
284 1923 384 1976 ducere
393 1923 495 1990 pergit.
520 1921 627 1988 Cupido
640 1937 702 1973 eum
713 1939 757 1976 ce·

23 1994 78 2044 :in
97 1997 231 2046 verticem
246 1995 348 2045 Haemi
366 1994 469 2046 montis
488 1992 669 2054 ascendendi,
691 1994 758 2060 quia

23 2067 80 2115 ntae
91 2064 217 2131 opinioni
228 2063 394 2126 crediderat,
406 2063 554 2115 Ponticum
566 2063 650 2114 simm
661 2067 689 2114 et
698 2063 757 2117 Ha·

23 2133 99 2184 icum
116 2148 207 2195 mare,
227 2140 256 2185 et
266 2133 392 2185 Histrum
411 2148 535 2195 emnem,
554 2134 584 2184 et
595 2134 680 2200 Alpes
693 2148 755 2185 con-

31 2216 127 2268 posse:
147 2203 273 2254 subiecta
289 2204 377 2255 oculis
394 2220 428 2256 ea
444 2202 517 2254 haud
534 2203 614 2268 parri
628 2204 681 2255 sibi
696 2218 755 2255 mo·

24 2272 35 2323 i
53 2269 150 2322 futura
170 2273 205 2323 ad
225 2272 425 2340 cogitationem
443 2274 561 2325 Romani
575 2273 652 2324 belli.
688 2272 753 2324 Per·

23 2348 96 2393 tutus
106 2342 230 2408 regionis
242 2344 346 2408 peritos
362 2343 397 2395 de
408 2357 524 2394 ascensu
534 2343 650 2404 Haemi,
670 2358 754 2408 quum

34 2411 215 2464 interamnae
230 2420 384 2474 constaret,
404 2414 478 2462 viani
495 2412 636 2463 exercitui
648 2411 762 2460 nuttam

35 2482 132 2547 paucis
145 2488 173 2533 ct
186 2482 321 2547 expeditis
331 2481 590 2550 perdiffieiiiimusn
600 2481 727 2535 aditum,
739 2482 778 2522 ut

23 2566 76 2602 one
84 2551 216 2602 familiari
224 2553 362 2609 minorem
375 2557 469 2612 filium
477 2554 797 2628 permnicenetsuuffi

23 2622 78 2668 erat
90 2634 145 2670 non
157 2620 260 2678 decere
269 2641 386 2696 secum,
413 2635 552 2702 primum
565 2618 695 2694 quaerit
704 2615 748 2666 an
763 2624 802 2661 w

506 2702 532 2755 F
552 2702 578 2751 ‘2
