1860 2994
113 116 382 178 usercencis.
393 113 435 171 aa.
451 114 755 188 poenaeue]
789 118 832 172 mi

37 242 72 280 eo
88 225 179 293 magis
196 225 367 293 quianullus
384 231 499 292 apertos
509 234 673 295 evergerent
684 227 774 290 rivos,
797 241 839 277 oc·

37 294 131 349 cultos
142 296 287 347 continere
297 296 407 359 latices,
428 311 545 363 quorum
556 311 643 348 venae
654 297 683 347 in
695 311 773 347 mare
783 310 843 362 per·

39 369 185 416 snennntes
201 365 291 418 undae
310 367 500 418 miscerentur.
536 364 592 417 Vix
608 365 721 417 diducto
736 379 845 417 summu

38 448 126 485 acerra
136 443 212 498 erat,
234 450 317 502 quum
328 436 513 503 scaturigines
525 434 653 487 turbidae
664 436 754 503 primo
765 442 794 488 et
804 441 845 486 te·

38 518 108 555 uues
127 504 268 566 emicare,
296 505 360 559 dein
381 506 515 575 liquidam
537 505 709 572 multamque
729 504 847 556 sundere

38 587 149 640 uquam,
160 575 236 626 velut
246 574 326 626 deum
337 576 420 639 dono,
432 582 595 640 coeperunt.
620 576 801 642 Aliquantum
813 588 848 625 ea

40 656 153 709 quoque
170 656 216 697 res
232 642 295 695 duci
310 643 401 697 famae
419 650 447 696 et
465 644 643 695 auctoritatis
660 645 732 711 apud
743 643 848 695 milites

41 710 155 763 adiecit.
190 712 278 766 lussis
289 712 390 766 deinde
400 712 536 765 militibus
547 712 680 779 expedire
689 729 776 777 arma,
786 712 848 779 ipse

40 794 105 833 eum
120 781 242 834 tribunis
259 784 414 851 primisque
433 780 576 834 ordinibus
590 781 669 833 radit
679 782 714 832 od
728 788 849 835 contem·

39 849 159 973 plnndos
171 855 321 916 transitus3
332 868 388 920 qua
399 851 549 904 descensus
559 849 652 903 facilis
663 852 788 914 armatis,
795 867 850 919 qua

19 971 20 976 ,
53 934 71 971 ιι
80 918 247 971 ulteriorem
261 920 352 984 ripam
369 921 483 971 minime
499 920 611 987 iniquus
621 935 751 972 ascensus
764 926 847 974 esset.

41 988 94 1041 llis
105 987 175 1038 satis
187 986 356 1053 exploratis,
375 987 427 1040 illa
438 1003 546 1056 quoque
559 989 687 1055 primum,
707 997 739 1042 ut
751 990 850 1042 ordine

38 1072 73 1111 sc
84 1056 145 1108 sine
166 1056 287 1107 tumultu
308 1056 403 1111 omnio
421 1057 451 1111 in
471 1057 581 1126 agmine
600 1058 637 1110 od
651 1063 749 1110 nutum
765 1061 849 1125 impe

38 1129 169 1195 riumque
180 1125 259 1178 ducis
269 1125 377 1190 tierent,
396 1127 529 1195 providit.
565 1127 620 1179 Ubi
629 1128 756 1180 omuibus
767 1127 851 1177 simul

39 1196 286 1269 pronuntiaretur,
310 1196 385 1267 quod
396 1197 493 1261 lieret,
515 1211 606 1263 neque
625 1211 721 1250 omnes
737 1195 851 1248 exaudi-

39 1272 120 1332 rent3
140 1268 247 1319 incerto
258 1268 375 1335 imperio
387 1273 513 1334 eccepto,
533 1266 614 1330 alios,
628 1267 664 1319 ob
674 1282 706 1319 se
719 1265 851 1318 adiicien-

19 1401 20 1404 ,
41 1342 94 1400 tes,
104 1335 167 1404 plus
178 1351 221 1401 eo,
232 1338 305 1406 quod
315 1340 484 1404 imperatum
496 1337 543 1401 sit,
558 1337 631 1391 alios
641 1337 731 1389 minus
742 1336 849 1389 facere:

42 1406 180 1460 eldmorcs
201 1406 303 1459 deinde
324 1408 452 1461 dissonos
472 1408 542 1460 oriri
562 1408 691 1462 omnibus
711 1407 798 1471 loeis,
820 1412 851 1459 ct

41 1476 120 1545 prius
130 1472 235 1539 hostes,
252 1492 334 1544 quam
347 1479 433 1545 ipsos,
452 1479 519 1547 quid
531 1485 656 1546 paretur,
674 1478 757 1531 scire.
787 1476 849 1528 Pla-

42 1560 107 1599 cere
116 1545 212 1613 igitur,
224 1547 365 1598 tribunum
377 1547 498 1599 militum
509 1549 597 1614 primo
609 1549 668 1615 pilo
677 1548 796 1616 legionis
807 1562 850 1598 se·

43 1621 150 1669 cretum
161 1614 242 1667 edere
253 1615 414 1682 imperium:
429 1615 517 1679 illum,
530 1623 559 1667 et
570 1616 634 1668 dein
641 1618 776 1683 singulos,
786 1631 850 1682 pro·

41 1686 119 1737 ximo
137 1686 236 1752 cuique
253 1685 282 1735 in
295 1684 392 1737 ordine
404 1686 560 1737 centurioni
570 1685 678 1747 dicere,
699 1685 765 1752 quid
780 1699 850 1751 opus

44 1754 118 1807 lucto
130 1756 181 1819 sit3
197 1754 256 1806 sive
267 1769 284 1804 a
294 1755 392 1821 primis
404 1754 494 1820 siguis
505 1754 541 1805 ud
551 1756 731 1805 novissimum
742 1769 851 1821 agmen,

49 1825 102 1877 dre
117 1824 153 1875 ab
169 1824 302 1877 extremis
319 1822 354 1875 ad
368 1823 474 1889 primos
489 1824 684 1889 perferendum
700 1823 851 1889 imperium

54 1894 93 1947 lt.
115 1892 225 1962 Vigiles
236 1894 319 1947 etiam
330 1907 403 1944 novo
414 1907 492 1944 more
502 1896 611 1942 scutum
621 1892 650 1943 in
659 1890 782 1958 vigiliam
796 1891 851 1942 fer·-

60 1965 190 2017 eretuit:
211 1979 267 2015 non
278 1963 390 2016 enimin
402 1977 524 2030 pugnam
534 1961 650 2030 vigilem
661 1960 712 2024 ire,
722 1967 755 2013 ut
764 1961 850 2013 armis

63 2038 149 2095 tatur,
161 2033 210 2085 scd
221 2033 257 2085 ud
269 2031 493 2101 vigilandumut,
503 2046 587 2099 quum
598 2032 718 2084 senserit
727 2029 851 2084 hostium

69 2104 205 2165 drentum,
216 2104 335 2170 recipiat
345 2119 384 2164 se,
395 2104 553 2170 excitetque
564 2100 599 2153 ad
611 2102 775 2154 ormaolios.
785 2102 852 2154 Seu·

95 2187 163 2241 proc
184 2187 215 2223 sc
236 2178 330 2225 erecto
345 2178 421 2224 sture
437 2172 578 2239 galeatos:
603 2172 702 2225 deinde
716 2172 768 2224 ubi
782 2171 852 2225 fessi

79 2242 223 2306 rt,iunisos
235 2242 301 2309 pilo,
312 2243 403 2310 capite
414 2257 498 2310 super
507 2242 659 2311 marginem
670 2244 851 2311 scutiposito,

84 2313 153 2379 nitus
173 2317 263 2364 stare:
284 2318 316 2364 ut
330 2312 502 2380 fulgentibus
520 2314 605 2364 armis
621 2315 718 2380 procul
729 2311 851 2380 conspici

94 2380 175 2435 hoste
190 2383 310 2449 possint,
329 2383 383 2451 ipsi
400 2380 467 2433 nihil
483 2382 655 2449 provideant.
692 2382 851 2435 Stutionuru

93 2468 154 2521 sque
165 2467 271 2504 morem
281 2453 409 2505 mutarit.
444 2453 553 2505 Armati
564 2468 669 2516 ornnes,
692 2458 720 2503 et
731 2452 850 2502 frenatis

100 2523 125 2573 is
137 2522 255 2590 equites,
270 2520 343 2575 diem
355 2526 446 2574 totum
458 2522 630 2589 perstabunt.
666 2521 700 2571 ld
727 2535 801 2567 uum
807 2534 859 2565 ae·

102 2592 124 2643 is
137 2590 241 2654 diebus,
253 2598 352 2645 urente
364 2591 480 2645 assiduo
494 2592 726 2657 solc,iieret,tot
743 2589 886 2653 *imm*

108 2678 121 2714 r
137 2666 166 2715 et
178 2662 319 2735 languore
330 2665 412 2736 ipsos
425 2680 581 2739 equosque
592 2648 895 2786 tqssqsintemw*
