1860 2994
118 81 195 185 nin.
214 116 298 170 xor.
316 119 390 170 οη.
401 116 460 170 aa.
472 115 618 186 [noem
633 119 666 169 A.
676 118 783 187 cns]
812 116 862 173 129

110 218 146 272 V.
166 219 224 287 [9.]
234 219 328 271 Forte
337 221 379 271 ita
390 220 489 282 evenit,
500 226 531 270 ut
542 221 589 270 Cn.
601 226 629 271 et
640 221 672 271 L.
681 219 806 284 Gavillii,
814 237 865 273 no-

56 288 126 341 velli
135 289 340 356 Aquileienses,
357 305 417 341 cum
429 294 586 341 commeatu
597 291 753 352 venientes,
773 290 865 356 ignari

56 373 144 429 prope
154 359 183 409 in
197 365 278 426 capta
290 365 384 410 castra
394 360 428 411 ab
440 359 519 410 lstris
530 358 694 410 inciderent.
731 360 770 422 li,
781 375 863 426 quum

56 428 224 496 Aquileiam,
234 428 340 480 relictis
351 428 564 495 impedimentis,
575 427 760 494 refugissent,
772 431 865 480 omnia

56 505 169 552 terrore
181 514 214 549 ac
224 498 346 549 tumultu
356 534 364 560 ,
375 510 429 548 non
441 499 584 566 Aquileiae
594 496 686 561 modo,
697 498 748 550 sed
759 501 865 552 Romae

56 582 169 636 quoque
179 575 244 636 post
253 583 358 635 paucos
369 568 442 630 dies,
459 568 658 634 impleverunt:
680 583 744 635 quo,
754 584 808 620 non
822 585 864 621 cn·

57 644 110 706 pta
120 642 229 689 tantum
240 645 332 690 castra
342 637 377 689 ab
393 636 532 701 hostibus,
554 637 696 706 necfuga,
717 653 866 705 quaerero

57 712 148 770 erant,
154 708 203 760 sed
214 708 338 775 perditas
349 723 394 760 res
402 707 579 774 deletumque
584 708 739 774 exercitum
745 724 865 770 omnem,

56 777 176 831 allatum
187 783 238 830 est.
273 779 383 845 ltaque,
394 777 468 844 quod
477 778 507 828 in
517 778 641 828 tumultu
653 779 716 830 lieri
726 780 809 842 solet,
820 777 868 829 de·

56 847 151 901 lectus
162 855 244 899 extra
253 848 393 910 ordinem,
413 849 505 898 nonin
517 847 586 898 urbe
595 853 717 911 tantum,
737 848 787 901 scd
803 853 866 899 tota

56 916 156 978 ltalia,
176 917 284 969 indicti.
319 917 399 968 Duae
419 916 545 982 legiones
562 916 661 967 civium
677 917 865 969 Romanorum

58 987 249 1052 conscriptae,
272 991 301 1036 et
312 985 406 1037 decem
416 986 507 1036 millia
518 986 641 1050 peditum
653 1002 713 1037 cum
724 987 866 1054 equitibus

58 1056 222 1125 quingentis
234 1055 317 1105 sociis
328 1055 447 1104 nominis
458 1054 555 1105 Latini
564 1055 708 1120 imperata.
725 1058 764 1107 M.
771 1057 867 1108 lunius

58 1123 867 1190 consultransireinGalliam,etabcivitatibusprovinciao

59 1197 269 1262 eius,quontum
278 1193 638 1261 quaequeposseqmilitum
646 1194 759 1260 exigere
769 1196 867 1245 iussus.

56 1264 150 1321 Simul
161 1264 319 1327 decretum,
331 1270 362 1315 ut
373 1264 406 1314 T.
418 1263 551 1316 Claudius
561 1270 675 1330 praetor
683 1263 819 1316 militibus
831 1264 869 1316 le·

57 1336 153 1407 pionis
173 1341 302 1402 quartae,
325 1341 354 1385 et
374 1334 478 1384 socium
491 1333 589 1386 Latini
608 1334 728 1387 nominis
749 1335 868 1402 quinque

58 1404 198 1468 utillibus,
222 1404 361 1471 equitibus
372 1403 496 1456 ducentis
508 1405 722 1473 quinquaginta,
742 1405 821 1456 Pisas
837 1411 870 1455 ut

59 1476 249 1537 convenirent,
260 1475 396 1537 ediceret;
407 1490 522 1540 eamque
534 1476 718 1540 provinciam,
730 1476 794 1527 dum
806 1490 869 1527 con·

60 1547 106 1600 sul
115 1545 183 1598 inde
194 1547 321 1607 abesset,
341 1549 492 1595 tutaretur:
514 1545 553 1594 M.
565 1546 689 1596 Titinius
706 1553 819 1612 praetor
830 1545 869 1597 le·

60 1618 173 1687 gionem
186 1612 316 1681 primam,
333 1627 427 1680 parem
438 1629 581 1664 numerum
594 1616 732 1664 sociorum
744 1615 868 1680 peditum

62 1686 253 1754 equitumque,
264 1683 415 1734 Ariminum
427 1684 574 1732 convenire
584 1683 701 1733 iuberet
739 1685 813 1733 Nero
823 1697 870 1746 pa·

63 1755 180 1809 ludatus
190 1755 270 1806 Pisas
281 1753 310 1802 in
322 1751 491 1817 provinciam
505 1756 547 1800 est
558 1749 709 1815 profectus.
738 1750 870 1811 Titinius,

64 1825 93 1876 C·
104 1824 203 1878 Cassio
215 1824 327 1875 tribuno
344 1821 467 1872 militum
477 1820 643 1880 Ariminum,
665 1820 713 1887 qui
729 1824 872 1885 praeesset

64 1894 188 1965 legioni,
198 1896 295 1954 misso,
317 1891 455 1943 delectum
467 1890 573 1941 Romae
585 1887 690 1940 habuit.
726 1890 764 1940 M.
776 1889 870 1940 lunius

64 1964 177 2027 consul,
200 1978 234 2015 ex
245 1962 397 2029 Liguribus
416 1961 444 2010 in
460 1959 630 2025 provinciam
643 1958 764 2010 Galliam
780 1966 869 2010 trans·

63 2049 189 2101 gressus,
200 2033 312 2083 auxiliis
322 2031 450 2096 protinus
463 2044 511 2095 per
522 2029 766 2081 civitatesGalliae
776 2029 869 2080 militi·

64 2107 171 2172 busque
182 2102 300 2154 coloniis
312 2100 472 2165 imperatis,
491 2101 642 2164 Aquileiam
659 2100 792 2165 pervenit.
828 2096 869 2149 lbi

65 2176 170 2228 certior
179 2171 280 2232 factus,
293 2170 447 2222 exercitum
458 2169 622 2220 incolumem
636 2185 704 2230 esse,
715 2169 826 2235 scriptis
837 2167 869 2217 li-

65 2245 135 2297 teris
147 2246 317 2301 Romamne
329 2240 572 2300 tumultuarentur,
585 2239 654 2304 ipse,
660 2240 781 2290 remissis
794 2239 869 2287 auxi·

64 2315 119 2377 liis,
133 2328 204 2380 quae
216 2310 304 2361 Gallis
316 2312 514 2374 imperaverat,
530 2309 565 2358 ad
578 2310 712 2374 collegam
724 2315 766 2360 est
779 2303 870 2373 proie-

63 2392 134 2438 etus.
173 2384 278 2432 Romae
288 2393 390 2444 magna
402 2393 436 2429 ex
446 2379 610 2442 necopinato
622 2379 730 2430 laetitia
740 2378 806 2427 fuit:
824 2375 869 2424 de·

64 2454 155 2507 lectus
166 2455 285 2501 omissus
297 2455 350 2500 est:
364 2448 599 2513 exauctorati‚qui
610 2454 784 2499 sacramento
796 2445 873 2492 diue·

64 2530 141 2575 rant:
165 2526 195 2573 ct
207 2519 362 2579 exercitus,
382 2516 430 2583 qui
438 2517 554 2569 Arimini
574 2517 747 2587 pestilentia
766 2513 896 2562 atieem

63 2599 139 2654 erat,
160 2591 270 2641 domum
282 2587 418 2640 dimissus.
456 2589 541 2655 lstri‚
561 2592 681 2662 magnis
706 2582 805 2647 copiis
817 2582 915 2638 ‘iffi

59 2669 149 2712 castra
158 2657 235 2708 haud
239 2657 342 2722 procul
360 2661 491 2715 consulis
515 2665 631 2719 eastris
648 2655 825 2716 baberent,
844 2640 925 2706 W*

86 2730 114 2774 T.
128 2725 190 2774 er.
206 2728 276 2778 Toni.
294 2726 323 2779 V.
335 2793 337 2797 v
682 2732 703 2783 i
